3357 5110
1375 412 1811 476 ,39-

441 585 707 673 quidem
757 585 1174 652 Charicleam
1238 585 1672 652 vehementer
1738 607 1808 650 se
1874 585 2387 672 amplectentem
2436 588 2735 674 repellit,

441 715 585 758 oum
651 691 890 778 pannis
955 690 1198 756 induta
1257 673 1353 756 sit
1399 689 1578 774 (Hel.
1629 689 1775 770 187,
1796 687 1868 773 5).
1959 690 2171 756 Nemo
2235 713 2371 760 non
2431 692 2738 758 meminit

370 789 374 795 ’
444 796 828 863 Mattidiam
876 817 1138 882 quoque
1181 795 1606 881 inopinatum
1653 793 2067 861 Clementem
2114 794 2451 884 amplecti.

614 901 928 967 Affectus
974 899 1313 965 hominum
1358 894 2043 984 recognoscendorum
2091 899 2575 983 „christianus“
2627 925 2735 968 eo-

444 1004 592 1070 dem
655 1029 803 1070 cum
865 1004 1088 1070 studio
1155 1004 1464 1096 depingit
1529 1007 1737 1091 atque
1804 1004 2223 1071 fabulatores
2244 1004 2306 1091 1).
2424 1004 2739 1094 Ceterum

443 1109 613 1175 hanc
659 1113 875 1176 artem
928 1109 1408 1192 „christianus“
1462 1113 1827 1196 tantopere
1854 1114 2138 1192 exercet,
2186 1113 2268 1176 ut
2314 1111 2544 1178 credas
2590 1135 2741 1177 eum

447 1237 587 1280 esse
648 1214 1007 1281 rhetorem.
1099 1214 1271 1282 Fere
1335 1237 1594 1300 semper
1659 1213 1837 1280 alter
1902 1238 1938 1280 e
1997 1216 2364 1301 recognitis
2433 1216 2738 1303 personis

451 1317 804 1401 „resolutis
893 1318 1206 1384 membris
1296 1319 1489 1406 quasi
1562 1318 1983 1406 interceptus
2071 1320 2401 1386 concidit“
2430 1320 2499 1405 ²),
2592 1343 2741 1386 cum

447 1422 736 1510 exempli
777 1422 1008 1508 gratia
1068 1421 1142 1486 in
1185 1422 1474 1487 historia
1518 1422 1873 1510 Apollonii
1918 1423 2116 1510 Tyrii
2182 1425 2467 1492 affectus
2520 1425 2739 1492 multo

445 1527 711 1614 parcius
762 1526 1290 1592 describantur.''
1549 1595 1554 1600 ,

618 1631 832 1698 Aliud
875 1631 1041 1696 mihi
1085 1630 1360 1698 videtur
1403 1654 1537 1697 non
1566 1632 1763 1719 parvi
1793 1633 2115 1698 momenti
2149 1656 2309 1700 esse.
2399 1633 2535 1699 Illa
2581 1655 2738 1700 ana-

425 1789 430 1795 .
447 1737 734 1822 gnorisis
765 1736 1026 1818 Fausti,
1074 1758 1273 1824 quam
1319 1736 1407 1802 ad
1450 1736 1775 1802 fabellam
1804 1738 2212 1826 rettulimuS‚
2260 1739 2332 1803 in
2384 1738 2735 1821 „theatro“

449 1842 940 1928 spectatoribus
986 1841 1240 1908 referto
1288 1841 1553 1929 publice
1601 1842 1705 1907 ita
1750 1843 2253 1929 pronuntiatur,
2314 1847 2393 1910 ut
2438 1847 2593 1910 tota
2638 1844 2742 1909 fa-

447 1947 606 2012 bula
669 1949 874 2013 verbo
941 1950 1138 2012 tenus
1185 1950 1518 2012 narretur.
1610 1946 1749 2013 Res
1826 1951 1930 2013 est
1998 1948 2163 2013 satis
2238 1949 2425 2014 mira.
2519 1947 2742 2035 Atqui

446 2048 717 2138 prorsus
819 2051 999 2117 idem
1085 2052 1462 2117 invenimus
1546 2051 1728 2138 apud
1802 2052 2267 2119 Charitonem:
2375 2054 2744 2140 Postquam

452 2157 784 2223 Chaereas
831 2161 901 2222 et
948 2155 1300 2222 Calirrhoe
1344 2157 1681 2242 recogniti
1722 2155 2095 2242 Syracusas
2139 2157 2507 2240 redierunt,
2554 2161 2743 2240 λόγου

451 2263 517 2326 δὲ
565 2265 788 2326 θᾶττον
828 2261 1168 2348 ἐπληρώθη
1217 2266 1284 2325 τὸ
1331 2265 1594 2346 θέατρον
1643 2263 1876 2348 ἀνδρῶν
1923 2286 1985 2326 τε
2029 2266 2135 2327 καὶ
2181 2275 2611 2340 γυναικῶν·-
2659 2301 2744 2308 -

455 2366 801 2452 ἐπεθὺμουν
847 2371 963 2450 γὰρ
1011 2363 1233 2440 αὐτοὺς
1276 2371 1382 2430 καὶ
1425 2364 1572 2431 ἰδεῖν
1619 2371 1728 2432 καὶ
1771 2367 2031 2431 ἀκοῦσαι
2095 2365 2390 2452 (152,15).
2484 2365 2745 2432 Deinde

449 2471 944 2553 HermocrateS‚
991 2476 1190 2559 pater
1237 2470 1648 2554 Calirrhoae,
1700 2475 1921 2537 totam
1966 2471 2286 2554 fabulam,
2353 2494 2555 2563 quam
2599 2471 2744 2560 qui-

452 2577 601 2644 dem
644 2578 789 2665 ipse
837 2578 1026 2659 sciat,
1075 2576 1440 2662 diligenter
1497 2581 1769 2662 narrat;
1841 2581 1996 2664 post
2040 2576 2216 2643 hunc
2261 2578 2487 2665 pergit
2536 2577 2743 2644 Chae-

451 2704 598 2749 reas
645 2685 872 2747 cetera
917 2682 1086 2761 fata,
1136 2703 1307 2768 quae
1354 2681 1533 2747 solus
1582 2683 1752 2748 scire
1798 2686 2047 2769 potest,
2097 2683 2359 2768 copiose
2408 2705 2745 2770 exponens

451 2786 880 2874 (153,4sqq.).
970 2786 1118 2852 Hac
1179 2787 1446 2851 ratione
1510 2787 1758 2874 populo
1825 2790 1978 2852 tota
2040 2787 2274 2880 fabula
2338 2790 2745 2852 verbotenus

449 2892 762 2983 iteratur,
812 2892 1115 2979 quamvis
1145 2891 1214 2973 ii,
1265 2890 1382 2977 qui
1408 2891 1673 2977 legunt,
1726 2891 1947 2956 omnia
1977 2891 2112 2956 iam
2142 2890 2390 2956 dudum
2436 2891 2653 2981 sciant
2675 2889 2743 2975 3).

455 2997 769 3063 Ceterum
833 2996 1038 3062 etiam
1098 2997 1170 3061 in
1231 2996 1519 3061 historia
1587 2994 1935 3081 Apollonii
1995 2996 2279 3082 primum
2341 2995 2759 3081 Mytilenae,-

451 3100 692 3168 deinde
723 3101 969 3167 Tharsi
1000 3100 1344 3169 contiones
1377 3104 1850 3183 convocantur,
1900 3104 1979 3167 ut
2012 3100 2431 3186 anagnorisis
2477 3099 2745 3187 publice

452 3206 934 3293 pronuntietur
978 3208 1065 3292 (p.
1121 3207 1262 3271 100.
1302 3191 1468 3291 11'0).
1519 3244 1602 3253 —
2110 3272 2116 3278 ,

380 3295 389 3301 .
628 3311 846 3399 Supra
890 3311 1212 3378 fabellam
1260 3312 1615 3399 pristinam
1662 3312 1765 3377 ita
1808 3312 2101 3393 restitui,
2167 3315 2248 3376 ut
2310 3312 2573 3396 genesis
2636 3310 2749 3378 vel

454 3407 921 3504 horoscopium
981 3416 1341 3504 plurimum
1404 3417 1652 3482 valeat.
1751 3416 1892 3481 Hoc
1953 3438 2074 3502 per
2138 3438 2207 3481 se
2264 3438 2399 3480 non
2445 3419 2549 3481 est
2601 3414 2749 3481 veri

457 3521 794 3604 dissimile,
843 3546 989 3587 cum
1035 3521 1407 3607 astrologia
1455 3522 1674 3587 altero
1709 3544 1772 3607 p.
1810 3520 1879 3585 C.
1916 3520 2179 3587 saeculo
2210 3520 2543 3587 floruerit.
2613 3518 2748 3585 Sed

641 3827 692 3895 l)
733 3829 793 3897 ιβ
835 3830 952 3879 2127
990 3829 1162 3879 22540
1201 3847 1258 3897 ιγ
1295 3828 1454 3880 6¹²·¹⁹
1493 3826 1547 3879 ιδ
1588 3827 1781 3893 9²5·³⁰;
1821 3826 1899 3877 IX
1926 3826 2043 3878 35¹⁰
2081 3828 2188 3879 37⁷.
2266 3823 2335 3877 cf.
2374 3824 2494 3877 Hel.
2536 3825 2748 3889 285,10,

457 3900 592 3969 Xen'.
635 3920 840 3983 396,26,
884 3917 1058 3984 Apoll.
1101 3916 1226 3985 Tyr.
1268 3933 1317 3984 p.
1360 3920 1445 3970 99.
1490 3920 1606 3970 109.

636 4008 693 4075 2)
735 4006 897 4073 Apud
935 4007 1174 4060 Graecos
1214 4006 1279 4058 E.
1320 4005 1512 4059 Rohde
1569 4021 1687 4059 eam
1745 4010 1903 4059 vocat
1964 4003 2383 4072 „orientalische
2421 3999 2751 4055 Weichlich·

457 4095 604 4149 keit“
650 4098 727 4163 (p.
774 4097 969 4163 172‚2).
1049 4095 1469 4162 „christianum“
1513 4093 1689 4149 fuisse
1728 4095 1920 4162 Syrum
1960 4109 2067 4146 non
2106 4098 2189 4146 est
2227 4092 2341 4145 veri
2379 4090 2657 4144 dissimile.

639 4186 694 4254 3)
737 4184 1094 4238 Persimiliter
1131 4184 1329 4237 Petrus
1357 4184 1585 4237 Nicetae
1625 4191 1681 4237 et
1709 4184 1940 4252 Aquilae
1980 4184 2159 4236 omnia
2196 4178 2317 4234 fata
2354 4180 2586 4233 verbosa
2626 4192 2745 4230 ora·

457 4274 606 4327 tione
645 4280 838 4327 narrat
875 4274 1002 4343 (VII
1038 4276 1122 4325 26.
1145 4278 1255 4341 27),
1295 4273 1387 4340 qui
1424 4274 1575 4327 locus
1616 4274 1672 4326 in
1713 4274 1867 4326 Hom.
1908 4274 2094 4339 inepte
2134 4274 2446 4324 contractus
2488 4274 2587 4321 est.
