3357 5110
8 3762 11 3773 .Ᾰ
7 3590 16 3718 Γ.-.,,

451 602 613 668 filiis
675 600 1009 686 emigrare
1068 600 1324 666 somnio
1385 599 1689 667 iubetur.v
1772 601 1985 666 Pater
2029 601 2327 669 Faustus
2390 625 2501 668 eos
2558 603 2749 668 misit

453 705 764 774 Athenas
814 729 961 772 cum
1007 705 1221 772 servis
1272 709 1344 771 et
1389 704 1671 787 ancilliS,
1737 729 1820 772 ex
1871 729 2001 792 quo
2050 709 2355 794 tempore
2399 706 2571 774 nihil
2616 707 2750 776 iam

455 811 568 881 vel
612 811 696 878 de
738 820 956 879 matre
999 811 1110 878 vel
1155 809 1239 876 de
1284 811 1441 876 filiis
1487 811 1773 878 audivit.
1864 810 2222 879 Postremo
2248 805 2398 900 ¹ipse
2444 813 2617 879 abiit
2661 813 2749 879 ad

456 917 786 984 familiam
847 915 1314 1003 quaerendam.
1405 916 1488 980 In
1547 916 1788 982 alienis
1848 915 2055 982 terris
2114 917 2440 1004 comperit
2486 917 2749 984 schema

455 1021 833 1104 Mattidiae,
901 1021 1260 1088 secundum
1307 1021 1486 1109 quod
1530 1020 1653 1088 illa
1699 1043 1847 1088 cum
1892 1043 2087 1089 servo
2149 1021 2420 1109 proprio
2467 1007 2748 1110 fugerat

455 1131 530 1193 et
576 1127 647 1193 in
704 1126 894 1213 aquis
940 1124 1323 1198 interierat.
1416 1124 1656 1192 Salute
1720 1125 2083 1212 desperata
2128 1126 2425 1193 Faustus
2487 1127 2560 1192 in
2603 1128 2749 1194 lon-

453 1231 726 1318 ginquis
769 1230 1156 1317 regionibus
1204 1252 1476 1296 manere
1518 1230 1763 1296 maluit
1809 1253 2008 1318 quam
2052 1217 2318 1297 domum
2376 1232 2615 1299 redire.
2664 1271 2749 1280 —

453 1336 744 1402 Interim
787 1335 1110 1403 Mattidia
1169 1358 1210 1402 a
1270 1336 1485 1402 servis
1548 1335 1966 1403 circumdata
2008 1335 2367 1422 naufragio
2427 1337 2613 1404 facto
2663 1338 2750 1406 ad

459 1440 626 1507 litus
673 1439 931 1507 insulae
975 1439 1196 1508 Aradi
1239 1439 1423 1506 iacta
1468 1447 1594 1506 est.
1688 1439 1957 1507 Gemini
2002 1462 2045 1506 a
2087 1440 2331 1526 piratis
2398 1441 2664 1528 excepti
2708 1464 2751 1508 a

455 1546 740 1614 muliere
784 1548 1073 1635 quadam
1119 1547 1331 1635 empti
1373 1548 1445 1613 in
1473 1546 1701 1618 insula
1731 1548 1961 1614 Arado
1995 1570 2358 1637 pauperem
2402 1548 2748 1617 mulierem

453 1653 812 1720 inveniunt
856 1657 1018 1720 ante
1062 1659 1298 1740 portas
1343 1652 1584 1740 templi
1627 1652 2138 1720 mendicantem.
2230 1653 2335 1720 Ea
2380 1657 2486 1720 est
2530 1656 2750 1722 mater

457 1758 795 1825 Mattidia.
885 1757 1244 1825 Postremo
1313 1757 1521 1825 etiam
1579 1766 1782 1845 pater
1841 1757 2140 1825 Faustus
2206 1759 2746 1844 recognoscitur;

457 1885 683 1930 omnes
729 1863 1077 1930 confluunt
1121 1864 1190 1930 in
1235 1862 1602 1943 theatrum,
1668 1863 1788 1928 ubi
1833 1863 2334 1949 spectatoribus
2380 1864 2555 1929 mira
2599 1864 2749 1932 fata

455 1965 908 2036 nobilissimae
953 1968 1253 2035 familiae
1299 1969 1563 2055 copiose
1610 1970 2058 2055 exponuntur.

626 2073 820 2140 Hanc
863 2074 1182 2141 fabellam
1232 2069 1724 2158 „christianus“
1773 2073 2100 2160 imprimis
2146 2071 2248 2139 ita
2292 2073 2609 2156 mutavit,
2669 2079 2751 2140 ut

453 2201 811 2265 personam
873 2178 1238 2246 Clementis
1303 2179 1652 2246 insereret.
1746 2179 1956 2245 Pater
1987 2177 2309 2244 ¹Faustus
2368 2201 2503 2245 non
2562 2177 2747 2261 duoS,

460 2285 579 2352 sed
623 2288 768 2352 tres
828 2284 1003 2351 filios
1060 2283 1286 2351 habet.
1379 2284 1525 2366 Quo
1573 2283 1831 2350 factum
1875 2286 2013 2366 est,
2077 2286 2157 2350 ut
2209 2305 2410 2350 unam
2456 2305 2748 2368 anagno-

457 2391 624 2462 risin
692 2389 1024 2456 Aradiam
1088 2389 1264 2456 male
1331 2389 1672 2456 divideret
1742 2389 1812 2454 in
1845 2435 1851 2442 -
1880 2388 2065 2455 duaS.
2187 2389 2591 2469 Praeterea,
2670 2390 2750 2453 ut

358 2588 367 2593 .
457 2495 821 2564 Mattidiae
882 2495 1275 2563 castitatem
1333 2494 1727 2583 praedicare
1787 2497 2049 2582 posset,
2122 2493 2388 2561 addidit
2453 2515 2750 2561 amorem

459 2600 702 2667 fratris
747 2600 981 2667 mariti
1027 2600 1300 2688 eiusque
1348 2600 1767 2667 calumniam.
1860 2599 2075 2681 Quam
2124 2601 2206 2666 ob
2254 2622 2397 2665 rem
2426 2598 2751 2667 Mattidia

455 2730 591 2772 non
621 2694 906 2793 propter
941 2706 1287 2788 somnium,
1336 2706 1454 2772 sed
1485 2708 1769 2791 propter
1799 2704 2046 2771 fratris
2079 2726 2374 2771 amorem
2411 2705 2750 2791 emigrare

455 2812 748 2899 cogitur.
849 2811 1170 2896 Vestigia
1237 2813 1466 2876 autem
1532 2810 1937 2897 antiquioris
2004 2810 2291 2875 rationis
2361 2819 2746 2891 servantur,

457 2938 606 2981 cum
650 2916 974 2983 Mattidia
1017 2916 1220 3001 fingit
1263 2915 1608 2981 somnium.
1699 2913 2098 2996 Rationem,
2169 2935 2341 3001 quae
2398 2914 2584 2979 inter
2633 2908 2747 2981 ho-

452 3020 834 3108 roscopium
880 3024 954 3087 et
999 3018 1514 3106 emigrationem
1559 3017 1920 3085 Mattidiae
1965 3018 2375 3101 intercessit,
2441 3017 2748 3102 „christi-

459 3127 661 3193 anus“
711 3126 1038 3213 neglegit,
1099 3148 1246 3192 cum
1293 3122 1653 3192 Mattidiae
1699 3124 1851 3190 fata
1894 3123 2111 3191 artius
2159 3144 2305 3189 cum
2351 3127 2747 3210 argumento

455 3228 699 3296 fratris
745 3232 976 3299 mariti
1019 3228 1291 3299 aliunde
1338 3229 1579 3297 hausto
1625 3230 2033 3314 coniungere
2077 3229 2293 3297 malit.

525 3455 585 3519 3.
674 3453 792 3520 De
836 3454 1269 3521 similibus
1315 3453 1814 3521 fabularum
1862 3451 2378 3519 Graecarum
2423 3473 2677 3538 argu-

1437 3558 1767 3626 mentis.

630 3698 1003 3766 Plurimum
1045 3700 1335 3768 interest
1379 3700 1632 3783 videre,
1684 3721 1852 3787 quae
1898 3697 2074 3765 ratio
2121 3698 2306 3765 inter
2358 3695 2746 3781 „historiam

455 3803 860 3871 Clementis“
936 3817 1044 3874 tot
1110 3806 1605 3873 recensionibus
1677 3807 2129 3891 propagatam
2197 3808 2269 3870 et
2332 3802 2747 3871 Graecorum

452 4010 598 4065 roris
625 4010 882 4078 Traiani;
919 4011 1094 4079 ipsius
1133 4028 1349 4080 quoque
1387 4012 1532 4066 filiae
1557 4028 1753 4066 nomen
1778 4010 2037 4065 Mattidia
2062 4018 2199 4065 erat.
2259 4009 2376 4063 CIL
2403 4012 2453 4075 2,
2481 4022 2603 4063 2341.
2623 4022 2748 4063 4993.

467 4132 524 4139 —
563 4099 832 4155 Faustina
869 4106 991 4155 erat
1046 4117 1186 4155 uxor
1241 4102 1591 4170 imperatoris
1628 4101 1717 4154 Pii
1772 4102 1998 4167 eiusque
2052 4100 2166 4154 filia
2220 4116 2359 4154 uxor
2396 4099 2745 4167 imperatoris

453 4190 648 4243 Marci.
721 4190 840 4244 Hoc
893 4188 1038 4243 idem
1094 4206 1291 4244 nomen
1338 4192 1394 4243 in
1432 4206 1631 4259 genere
1671 4191 2069 4245 Antoninorum
2108 4189 2327 4258 saepius
2366 4188 2607 4243 occurrit
2651 4186 2745 4257 (cf.

459 4279 744 4347 Wissowa,
781 4278 1352 4349 Realencyklopaedie
1393 4280 1769 4349 „Faustina“).

2250 4371 2282 4421 3
2299 4366 2329 4398 :k
