3357 5110
572 599 686 668 ¹-—
716 659 801 668 ——
834 619 1242 707 (philosophi
1273 592 1501 688 dicent
1519 621 1562 707 z)
1607 621 1725 686 Διὰ
1770 628 1843 699 τί,
1890 623 1939 687 ὦ
1986 627 2121 700 θεέ,
2170 627 2275 710 τὴν
2310 629 2420 710 σὴν
2452 627 2737 711 βουλησιν
2780 599 2910 690 οὐκ.

601 724 910 812 ἐκήρυξας
974 725 1120 812 ἡμῖν
1175 763 1260 772 --
1312 764 1399 773 —
1452 725 1641 811 (deus
1705 726 2137 814 respondebit
2156 727 2197 811 z)
2284 727 2445 809 Ἐγὼ
2508 735 2715 804 πάσας
2783 734 2895 804 τὰς

601 829 899 915 ἐσομένας
974 835 1090 916 πρὸ
1165 833 1521 916 καταβολῆς
1596 837 1831 917 κόσμου
1926 831 2101 906 εἰδὼς
2191 839 2574 918 προαιρέσεις
2650 871 2733 882 -
2808 872 2893 882 --
3000 925 3003 927 Δ

529 967 534 976 ·
635 959 676 998 α
713 933 849 998 11¹⁷
887 985 898 998 .

606 938 630 1016 (
767 933 1102 1109 Βιίυίὴἃτί
1144 1061 1279 1104 non
1325 1042 1574 1125 potest,
1638 1039 1802 1126 quin
1849 1040 2069 1106 omnia
2116 1061 2195 1107 ea
2244 1041 2539 1115 artificia
2582 1059 2893 1128 graecam

602 1143 929 1229 originem
974 1143 1242 1223 ducant,
1292 1143 1694 1230 praesertim
1742 1167 1887 1210 cum
1933 1149 2208 1236 praeter
2239 1145 2361 1223 hos
2398 1145 2647 1213 allatos
2695 1156 2765 1213 et
2811 1147 2895 1213 si-
2965 1161 2969 1166 ·
3027 1227 3039 1237 ,

599 1248 791 1314 miles
839 1249 1130 1315 eiusdem
1179 1248 1362 1314 initii
1408 1249 1588 1315 locos
1610 1249 1670 1336 ¹),
1736 1248 1912 1314 tales
1958 1249 2301 1336 monologi
2355 1251 2535 1336 apud
2586 1251 2893 1338 „christi—

600 1356 837 1418 anum“
904 1377 1039 1418 non
1083 1353 1538 1419 inveniantur.
1633 1353 1893 1420 Contra
1936 1354 2279 1442 monologi
2342 1355 2414 1420 in
2458 1355 2709 1423 fabulis
2756 1349 2893 1422 Ro·
2945 1398 2950 1401 -

599 1457 1025 1523 manensibus
1071 1458 1483 1544 singularem
1527 1457 1745 1531 locum
1793 1459 2104 1553 obtinent
2124 1461 2191 1545 ²).
2248 1467 2253 1472 “

776 1561 1099 1629 Videmus
1147 1563 1368 1628 omnia
1413 1563 1557 1630 fere
1603 1569 2005 1649 argumenta
2074 1565 2436 1648 „historiae
2484 1564 2888 1632 Clementis“

598 1667 821 1753 petita
867 1689 1009 1733 esse
1056 1690 1137 1733 ex
1200 1667 1451 1733 fabulis
1501 1655 2069 1751 RomanensibuS,
2126 1692 2422 1757 quarum
2483 1671 2557 1735 in
2618 1653 2893 1736 numero

597 1772 784 1837 nullo
829 1772 1105 1858 negotio
1135 1770 1444 1838 habetur.
1539 1772 1718 1854 Quin
1752 1774 1959 1839 etiam
1987 1773 2138 1840 loca
2171 1775 2422 1861 optime
2462 1774 2889 1855 conveniunt,

600 1899 747 1942 cum
778 1875 1164 1958 Antiochia,
1212 1875 1564 1957 Laodicea,
1612 1877 1904 1960 Aradus,
1949 1878 2174 1964 Tyrus
2206 1879 2597 1965 gratissima
2626 1879 2891 1944 fabula-

599 1985 824 2046 torum
869 1981 1008 2046 sint
1055 1981 1318 2068 oppida.
1411 1982 1614 2047 Haud
1660 1982 1860 2049 dubie
1904 1984 1978 2048 in
2020 1983 2161 2049 illis
2208 1984 2630 2070 potissimum
2672 1983 2894 2068 regio-

567 2087 792 2152 nibus
837 2086 1112 2152 fabulae
1156 2087 1579 2172 legebantur,
1626 2091 1707 2153 ut
1758 2075 2204 2170 „christianffl
2248 2088 2575 2154 facillime
2622 2092 2892 2174 praesto
3001 2134 3003 2136 ψ

604 2195 848 2257 essent.
2801 2183 2807 2190 ’
2886 2247 2893 2261 ,Δ

770 2292 916 2362 Hoc
978 2290 1183 2374 unum
1247 2295 1506 2362 addam.
1605 2297 2087 2379 „christianus“
2155 2321 2290 2363 non
2350 2297 2553 2364 semel
2600 2299 2895 2363 affirmat

491 2399 496 2408 ’
601 2392 1013 2466 Clementem
1059 2401 1140 2466 de
1185 2423 1431 2486 genere
1479 2401 1785 2468 Caesaris
1835 2406 2057 2467 ortum
2102 2425 2246 2468 esse
2266 2401 2335 2486 3,).
2428 2402 2630 2468 Haud
2692 2401 2895 2468 dubie

599 2507 721 2573 hac
767 2528 1030 2594 quoque
1075 2507 1146 2571 in
1190 2530 1264 2573 re
1309 2507 1490 2573 inter
1540 2506 2055 2590 „christianum“
2126 2512 2197 2574 et
2242 2507 2663 2581 fabulatores
2710 2507 2889 2573 ratio

597 2611 980 2678 intercedit.
1085 2612 1330 2677 Lucius
1392 2612 1815 2699 Apuleianus
1890 2635 1969 2697 „a
2018 2612 2397 2680 Plutarcho
2460 2614 2584 2679 illo
2651 2607 2893 2679 inclito

599 2739 677 2783 ac
720 2740 872 2783 mox
921 2716 1128 2783 Sexto
1173 2716 1570 2803 philosopho
1616 2721 1906 2804 nepote“
1958 2722 2145 2784 ortus
2194 2721 2298 2785 est
2354 2720 2443 2805 (p.
2492 2720 2595 2800 2,5
2643 2718 2887 2803 Helm).

601 2822 988 2889 Charitonis
1046 2822 1281 2887 fabula
1337 2822 1580 2909 incipit
1618 2822 2055 2910 Ἑρμοκράτης
2119 2822 2152 2888 ὁ
2214 2824 2639 2907 Συρακουσίων
2706 2848 2892 2907 στρα-

599 2932 801 3013 τηγός,
869 2926 1043 3001 οὗτος
1105 2928 1137 2993 ὁ
1197 2934 1474 3016 νικήσας
1505 2927 1887 3016 Αθηναὶους,
1949 2928 2081 3017 εἶχε
2146 2932 2464 3013 θυγατέρα
2510 2928 2888 3015 Καλιρρόην.

600 3032 764 3102 Cum
794 3032 1225 3097 nobilissimis
1255 3032 1651 3114 hominibuS,
1700 3032 2039 3117 tyrannis,
2072 3032 2593 3120 imperatoribus
2626 3036 2891 3099 actores

596 3136 979 3201 fabularum
1024 3137 1524 3222 coniunguntur
1539 3138 1623 3222 4);
1687 3160 1903 3223 neque
1948 3138 2155 3203 aliter
2206 3138 2689 3221 „christianus“
2741 3137 2889 3203 Cle-

784 3312 836 3380 1)
874 3332 906 3365 α
943 3314 1101 3379 433-1,
1140 3315 1272 3379 42*⁵,
1311 3316 1386 3379 4⁶,
1427 3316 1585 3367 46-21.
1660 3313 1960 3368 Duodecim
1998 3315 2276 3382 prioribus
2328 3314 2385 3367 in
2438 3314 2709 3381 capitibus
2748 3311 2893 3365 initii

599 3418 708 3455 non
746 3402 1123 3469 minusquam
1164 3409 1374 3471 septem
1413 3404 1685 3471 monologi
1724 3404 2089 3471 inveniuntur,
2148 3421 2267 3457 cum
2320 3410 2515 3471 postea
2567 3402 2672 3455 hoc
2724 3400 2892 3455 artifi-

599 3491 740 3543 cium
797 3492 902 3545 nisi
976 3492 1030 3544 in
1107 3492 1495 3549 additamentis
1572 3493 1814 3547 auctoris
1870 3492 2231 3546 Homiliarum
2288 3509 2397 3545 non
2455 3493 2735 3545 occurrat!
2819 3490 2891 3543 cf.

599 3578 927 3645 Wendland,
967 3580 1016 3633 d.
1046 3582 1478 3637 Urchristlichen
1506 3582 2021 3636 Literaturformen.
2100 3581 2385 3649 Tubingen
2417 3585 2570 3647 1912,
2609 3573 2660 3648 p}
2689 3582 2793 3635 339
2811 3597 2889 3647 sq.

615 3672 624 3679 ‘
780 3671 835 3740 2)
877 3669 944 3722 cf.
985 3670 1117 3735 Le0,
1159 3670 1258 3724 der
1298 3672 1556 3739 Monolog
1593 3672 1667 3725 im
1706 3673 1929 3725 Drama.
2003 3672 2191 3725 Berlin
2236 3674 2387 3735 1908,
2428 3688 2479 3737 p.
2520 3674 2568 3724 6.
2604 3675 2722 3723 111.
2872 3672 2881 3685 “

777 3764 833 3827 3)
875 3760 1202 3814 Clementem
1243 3761 1555 3829 episcopum
1590 3762 1897 3815 Romanum
1937 3777 1967 3814 e
2004 3767 2164 3829 gente
2191 3760 2507 3813 Flaviorum
2543 3766 2733 3813 natum
2772 3774 2893 3813 esse

599 3848 892 3901 nonnullos
932 3848 1073 3903 falso
1113 3850 1393 3916 putavisse
1449 3855 1638 3903 notum
1677 3855 1777 3904 est.
1854 3850 2158 3918 Lightfoot,
2218 3849 2335 3903 The
2367 3849 2640 3917 apostolic
2676 3848 2892 3901 fathers

597 3937 622 3988 I
665 3940 802 3990 1890
841 3954 909 3991 ex
946 3938 1394 4006 inscriptionibus
1435 3939 1791 4005 demonstrat,
1833 3956 1993 4006 quam
2034 3955 2200 4007 saepe
2250 3954 2446 3993 nomen
2472 3938 2767 3991 Clementis
2806 3952 2892 3989 oc-

599 4034 818 4092 currat3
857 4028 940 4079 vir
967 4026 1157 4081 doctus
1185 4044 1236 4095 p.
1267 4032 1337 4081 60
1354 4044 1434 4095 sq.
1462 4027 1753 4082 ostendere
1780 4027 1965 4081 studet
1993 4027 2324 4081 Clementem
2364 4027 2681 4095 episcopum
2720 4026 2893 4079 fuisse

597 4115 855 4168 libertum
893 4116 1070 4169 Flavii
1110 4117 1400 4171 Clementis
1460 4118 1578 4185 (qui
1625 4118 1814 4171 consul
1853 4134 1901 4170 a.
1940 4120 2008 4171 95
2050 4117 2378 4185 supplicium
2416 4116 2665 4184 sumpsit.
2741 4116 2888 4169 Suet.

595 4204 754 4257 Dom.
801 4206 906 4273 15).
1609 4242 1625 4257 .

777 4293 834 4362 4)
874 4292 940 4347 cf.
985 4294 1045 4347 Ε.
1089 4296 1364 4349 Schwartz
1405 4295 1869 4365 (Fuanortrage
1906 4298 2042 4351 tiber
2078 4298 2129 4353 d.
2170 4301 2372 4367 griech.
2400 4300 2627 4352 Roman.
2705 4295 2893 4350 Berlin
