3357 5110
1325 446 1761 512 ...15-

413 624 695 713 pertita,
749 645 934 708 „cum
977 623 1202 690 tribus
1245 623 1445 688 rebus
1491 621 1934 690 animantium
1964 619 2121 686 vita·
2142 581 2485 700 teneatur,
2533 617 2707 699 cibe,

411 728 705 816 potione,
755 727 1068 815 spiritu“,
1118 725 1238 793 sed
1281 725 1469 792 cibus
1516 728 1588 791 et
1631 725 1821 813 potio
1867 725 1937 790 in
1968 746 2169 791 unam
2198 723 2709 792 confunduntur

411 836 678 922 partem
723 833 785 919 (ἓ
834 832 1035 897 134-
1051 830 1222 918 138),
1283 839 1416 917 qua
1461 828 1789 918 quomodo
1836 829 1970 896 cibi
2014 829 2419 916 digerantur
2465 827 2709 895 descri-

416 940 621 1007 bitur.

884 1039 1139 1108 Cicero.
1199 1077 1208 1082 -

507 1149 544 1231 ἓ
580 1146 722 1212 134.
783 1145 1093 1229 „adhaec
1118 1145 1518 1231 omnia-per·

421 1244 732 1338 cipienda
773 1249 886 1336 (sc.
914 1248 1134 1317 cibum
1178 1249 1520 1337 potionem

423 1355 766 1444 spiritum)
812 1377 888 1421 os
934 1357 1042 1420 est
1079 1353 1520 1442 aptissimum.

425 1460 623 1542 Quod
685 1459 1019 1527 adiunctis
1065 1458 1346 1526 naribus
1392 1458 1524 1545 spi-

425 1566 570 1632 ritu
615 1567 938 1652 augetur;

426 1879 742 1947 dentibus
808 1883 1035 1946 autem
1093 1878 1165 1945 in
1218 1901 1332 1945 ore
1377 1901 1528 1946 con·

428 1985 712 2052 structis
768 1984 1131 2051 mandatur
1191 1987 1398 2071 atque
1443 1986 1528 2051 ab

427 2089 486 2156 is
521 2089 932 2156 extenuatur
971 2091 1044 2156 et
1088 2087 1397 2155 mollitur
1443 2091 1532 2155 ci-

429 2197 574 2261 buS.
683 2193 941 2260 Eorum
1006 2192 1280 2262 adversi
1345 2193 1531 2261 acuti

427 2322 651 2366 morsu
696 2297 1012 2365 dividunt
1057 2321 1264 2382 escaS,
1309 2297 1533 2366 intimi

430 2405 658 2471 autem
703 2402 1083 2487 conficiunt,
1132 2403 1246 2492 qui
1282 2403 1531 2491 gemini

427 2511 758 2576 vocantur
775 2531 790 2592 ;
840 2529 1011 2597 quae
1048 2509 1379 2577 confectio
1428 2511 1528 2577 et-

423 2614 554 2679 iam
618 2635 661 2682 a
737 2612 974 2701 lingua
1054 2608 1366 2683 adiuvari
1429 2615 1529 2683 vi-

427 2717 647 2785 detur.
755 2718 1092 2807 Linguam
1153 2724 1380 2788 autem
1442 2720 1530 2788 ad

429 2821 692 2888 radices
746 2823 886 2887 eius
946 2822 1228 2890 haerens
1275 2824 1529 2911 excipit

430 2925 814 2992 stomachus
833 2975 849 3008 ‚
915 2947 1047 3012 quo
1102 2928 1392 3013 primum
1434 2928 1529 2992 in-

426 3027 754 3096 labuntur
840 3052 920 3097 ea
1009 3052 1182 3119 quae
1256 3037 1536 3120 accepta

429 3137 594 3201 sunt
615 3156 751 3201 ore.
798 3172 883 3182 —-
913 3172 1001 3183 —
1029 3134 1262 3221 Atque
1287 3136 1346 3201 is
1394 3136 1534 3223 agi-

432 3238 696 3306 tatione
760 3242 831 3306 et
893 3238 1186 3308 motibus
1259 3239 1532 3325 linguae

431 3365 582 3409 cum
640 3342 990 3431 depulsum
1050 3347 1122 3410 et
1181 3343 1375 3431 quasi
1421 3343 1534 3411 de-

430 3451 692 3515 trusum
760 3448 979 3514 cibum
1052 3449 1330 3535 accepit,
1423 3448 1535 3515 de-

434 3550 694 3638 pellit.“

519 3658 751 3743 §136.
871 3658 1042 3743 „Est
1115 3662 1344 3726 autem
1417 3658 1533 3746 (sc.

431 3762 655 3850 alvus)
699 3762 1057 3850 multiplex
1102 3765 1176 3830 et
1220 3766 1537 3831 tortuosa

436 3870 759 3956 arcetque
831 3871 905 3935 et
977 3867 1283 3935 continet
1297 3920 1313 3951 ‚
1397 3868 1538 3937 sive

436 3972 629 4040 illud·
653 3972 917 4040 aridum
974 3975 1083 4041 est
1141 3971 1285 4040 sive
1327 3971 1542 4041 humi·

433 4078 612 4161 dum,
659 4077 838 4167 quod
877 4078 1141 4166 recipit,
1188 4083 1268 4145 ut
1298 4078 1369 4145 id
1398 4102 1537 4146 mu·

435 4182 579 4250 tari
623 4184 698 4250 et
741 4181 1063 4270 concoqui
1104 4183 1322 4271 possit
1363 4187 1486 4233 --“

2032 1039 2191 1106 Rec.

1700 1481 1754 1524 c.
1782 1457 1915 1524 30¹.
1990 1458 2162 1542 „Sed
2193 1461 2265 1525 et
2294 1479 2510 1536 nare8‚
2544 1480 2716 1525 com-

1609 1563 1877 1630 meandi
1921 1563 2127 1630 flatus
2160 1568 2233 1631 et
2268 1564 2593 1631 reddendi
2636 1585 2715 1631 ac

1611 1668 1981 1757 recipiendi
2014 1668 2247 1756 gratia
2276 1668 2504 1737 factae
2536 1676 2712 1753 sunt,

1612 1776 1695 1840 ut
1719 1773 2155 1841 innovatione
2187 1774 2470 1862 spiritus
2485 1813 2572 1823 —
2586 1779 2711 1824 ——“

1706 1901 1758 1944 c.
1792 1878 1956 1946 29¹⁴.
2038 1879 2209 1968 „ipsi
2251 1899 2415 1946 vero
2480 1880 2717 1947 dentes

1618 1983 1739 2050 alii
1781 1986 1864 2050 ut
1920 1982 2223 2050 incidant
2281 1988 2355 2051 et
2407 1984 2721 2053 dividant

1619 2087 1802 2155 cibos
1842 2091 1914 2155 et
1934 2087 2381 2156 'interioribus
2406 2089 2717 2174 tradant,

1617 2193 1985 2260 interiores
2019 2216 2204 2277 vere,
2241 2197 2324 2260 ut
2351 2194 2423 2260 in
2452 2194 2720 2260 modum

1621 2298 1841 2366 molae
1900 2297 2259 2367 conficiant
2280 2302 2395 2367 ‘et
2456 2300 2719 2366 commi·

1618 2406 1856 2486 nuant,
1910 2426 2039 2492 quo
2087 2402 2533 2490 opportunius
2580 2406 2721 2470 sto-

1618 2508 1851 2577 macho
1868 2508 2119 2577 traditi
2138 2511 2719 2598 coquantnr,—-
2788 2531 2792 2536 ’

1620 2718 1700 2807 [c.
1722 2719 1886 2785 291³.
1963 2720 2235 2807 „lingua
2268 2771 2320 2786 ..
2353 2719 2534 2787 illisa
2565 2720 2721 2787 den·

1747 2824 1997 2910 tibus“]
2503 2827 2508 2832 ’

1713 3682 1769 3727 c.
1799 3660 1935 3725 31¹.
1995 3658 2222 3743 „Quae
2243 3657 2729 3745 (saintestina)

1624 3763 1877 3831 idcirco
1967 3762 2195 3851 longis
2258 3761 2562 3830 'nexibus
2657 3762 2731 3829 in

1628 3868 2034 3936 circulorum
2058 3867 2375 3941 ordinata
2404 3870 2565 3935 sunt
2592 3890 2729 3935 mo-

1628 3973 1805 4058 dum,
1825 3976 1909 4041 ut
1938 3976 2286 4062 susceptas
2310 3958 2727 4061 digestiones

1626 4080 1926 4146 ciborum
2012 4078 2341 4166 paulatim
2424 4081 2727 4167 egerant,

1623 4222 1711 4264 -7-
1754 4222 1841 4233 -
1886 4182 2313 4250 Membranae
2370 4187 2599 4250 autem
2656 4183 2730 4248 in

1623 4288 1893 4355 modum
1964 4287 2211 4355 idcirco
2297 4287 2485 4355 facta
2548 4291 2727 4371 sunt,
