3357 5110
1398 442 1835 507 ..27—

657 615 826 701 „Sed
873 620 946 684 et
992 616 1135 705 ipse
1180 637 1418 683 rursus
1463 614 1650 683 Mars
1697 615 1786 682 ad
1828 615 2166 684 Venerem
2226 616 2489 684 schema
2554 621 2768 686 tetra·

475 742 722 807 gonum
768 721 1036 803 habena
1087 743 1169 786 ex
1215 723 1418 807 parte
1462 719 1550 787 ad
1595 722 1902 786 centrum
1932 742 2068 787 non
2098 721 2505 808 respiciente
2540 721 2769 810 aliquo

477 826 836 909 bonorum,
914 825 1262 892 adulteros
1331 824 1544 892 efficit
1586 862 1674 872 —
1719 828 1885 898 ——“.,
1975 823 2115 892 Vix
2180 829 2416 913 aptum
2475 831 2583 894 est
2645 826 2771 896 hoc

474 931 622 1001 loco
699 929 1108 997 simillimum
1185 930 1480 997 schema
1525 933 1734 1018 atque
1794 929 2153 998 Mattidiae
2230 952 2272 996 a
2332 930 2593 1000 Fausto
2668 931 2773 998 ita

476 1037 803 1118 tractari,
867 1039 949 1102 ut
1008 1057 1197 1103 nemo
1259 1035 1566 1103 divinare
1627 1014 1850 1124 possit
1909 1036 2035 1103 hoc
2102 1036 2367 1111 schema
2428 1036 2517 1104 ad
2560 1037 2770 1124 ipsius

476 1142 630 1208 fata
677 1141 1098 1228 pertinere¹).
1190 1139 1450 1208 Contra
1496 1143 1600 1227 (ut
1647 1140 2087 1228 ostendimus)
2142 1140 2324 1207 haud
2376 1140 2574 1208 dubie
2620 1163 2773 1208 con·

475 1247 660 1333 tigit,
701 1250 780 1313 ut
813 1245 1076 1314 schema
1100 1245 1464 1313 Mattidiae
1495 1244 1861 1314 artissimis
1891 1246 2179 1314 vinculis
2214 1245 2769 1333 coniungeremus

476 1373 623 1417 cum
667 1349 942 1434 fabella,
1002 1372 1204 1438 quam
1249 1350 1692 1418 restituimus.
1799 1350 1989 1438 Ergo
2034 1351 2523 1438 horoscopium,
2592 1349 2803 1438 quod·

477 1478 626 1523 cum
654 1455 1231 1542 disputationibus
1265 1455 1436 1522 satis
1467 1455 1753 1523 moleste
1784 1455 2213 1554 coniunctum
2259 1459 2385 1536 est,
2434 1477 2511 1522 eo
2544 1455 2772 1574 aptius

477 1560 565 1627 ad
594 1559 916 1628 fabellam
947 1560 1326 1644 referimuS‚
1373 1559 1490 1645 ubi
1519 1559 1834 1648 proprius
1879 1560 1996 1626 ille
2050 1561 2365 1644 „servus“
2410 1558 2775 1646 genuinum

479 1665 700 1733 locum
747 1665 1029 1732 obtinet.
1079 1705 1164 1713 -

651 1770 1024 1857 Postquam
1088 1771 1309 1837 omnia
1383 1771 1469 1858 (si
1521 1770 1912 1838 Mattidiam
1971 1771 2041 1836 in
2099 1769 2272 1836 mari
2336 1791 2378 1836 a
2442 1769 2773 1858 „propriis

481 1875 734 1943 servis“
787 1874 1270 1944 circumdatam
1301 1875 1643 1964 fingimus)
1688 1876 1777 1943 ad
1820 1875 2098 1962 genesin
2142 1874 2613 1964 perficiendam
2661 1899 2774 1964 op-

479 1981 644 2048 time
687 1985 1104 2069 praeparata
1151 1986 1330 2065 sunt,
1377 1982 1626 2050 accidit
1668 1981 2123 2069 naufragium,
2172 2003 2302 2069 quo
2333 1982 2549 2068 magis
2582 1985 2773 2068 opta·

478 2090 625 2154 tu'm
655 2085 1014 2154 artificium
1043 2085 1469 2154 fabulatores
1503 2087 1832 2171 nesciunt,
1865 2087 1975 2154 hic
2006 2086 2273 2174 quidem
2305 2087 2407 2154 bis
2442 2091 2772 2175 optatum,

479 2214 625 2258 cum
669 2191 1140 2277 horoscopium
1183 2191 1561 2278 naufragio,
1611 2193 1907 2258 alterum
1955 2191 2173 2258 fat-um
2206 2191 2425 2260 altero
2456 2185 2772 2260 tollatur.

476 2296 775 2364 Faustus
821 2297 936 2362 ubi
981 2297 1270 2384 primum
1314 2295 1580 2364 audivit
1626 2296 2017 2364 Mattidiam
2060 2319 2197 2363 non
2241 2299 2436 2365 modo
2481 2320 2615 2364 non
2666 2299 2777 2382 „in

480 2403 672 2489 aquis
740 2401 1126 2470 defunctam
1191 2405 1402 2485 esse“,
1469 2402 1586 2470 sed
1645 2401 1904 2484 vivere,
1973 2401 2393 2490 astrologum
2438 2403 2777 2470 erravisse

481 2514 552 2575 et
611 2506 783 2574 illud
851 2506 1116 2575 schema
1179 2507 1412 2575 uxoris
1481 2506 1727 2575 falsum
1798 2506 2011 2578 fuisse
2078 2531 2205 2597 pro
2275 2511 2463 2576 certo
2529 2509 2778 2577 habere

479 2616 708 2700 potest
731 2612 801 2699 ²),

653 2717 757 2783 Ea
822 2718 1043 2785 omnia
1105 2718 1163 2784 si
1227 2719 1570 2786 nobiscum
1645 2722 2071 2806 reputamuS‚
2147 2718 2404 2785 fabella
2468 2719 2573 2787 ita
2635 2719 2779 2786 fere

481 2820 762 2891 restitui
806 2825 1074 2910 potest:
1123 2822 1424 2889 Faustus
1472 2826 1544 2888 et
1573 2823 1897 2889 Mattidia
1936 2823 2235 2889 feciliter
2268 2824 2480 2889 vitam
2526 2827 2775 2909 agunt3

479 2926 802 2994 Mattidia
867 2926 1120 2993 somnio
1183 2929 1419 2994 coacta
1479 2948 1627 2993 cum
1692 2926 1948 2993 duobus
2013 2926 2172 2992 filiis
2253 2926 2602 3015 servisque
2660 2928 2779 2995 ad-

482 3031 728 3098 iunctis
803 3031 1123 3118 emigrat3
1233 3031 1516 3097 maritus
1594 3030 1927 3098 desiderio
2006 3033 2361 3098 tabescens
2434 3032 2779 3100 nonnullis

483 3135 676 3202 annis
729 3138 892 3224 post
936 3134 1388 3223 proficiscitur
1433 3135 1522 3202 ad
1567 3156 1846 3203 uxorem
1892 3136 2371 3224 quaerendam3
2419 3141 2778 3225 postquam

485 3242 568 3307 ab
614 3240 967 3327 astrologo
1028 3240 1316 3329 quodam
1372 3240 1447 3327 in
1509 3240 1750 3308 alienis
1811 3242 2019 3309 terris
2074 3241 2341 3309 schema
2386 3242 2615 3309 uxoris
2663 3263 2779 3308 au-

487 3344 681 3427 divit,
730 3344 811 3410 de
859 3345 1082 3413 salute
1130 3346 1492 3433 desperans
1524 3368 1782 3434 pauper
1813 3350 2020 3433 atque
2065 3347 2271 3413 miser
2301 3369 2435 3414 non
2467 3368 2779 3415 reversus

488 3448 699 3516 vitam
746 3448 974 3535 degit3
1023 3455 1368 3539 postremo
1417 3451 1664 3517 accidit
1710 3450 2155 3539 anagnorisis.

666 3554 923 3637 Quodsi
983 3578 1058 3622 re
1120 3579 1288 3624 vera
1358 3556 1847 3641 „christianus“
1918 3555 2052 3623 tali
2113 3555 2370 3623 fabella
2431 3578 2589 3624 usus
2654 3560 2778 3639 est,

672 3760 724 3828 1)
765 3760 904 3827 Quin
944 3762 1108 3816 etiam
1148 3762 1216 3816 de
1253 3779 1534 3818 servorum
1571 3778 1757 3818 amore
1795 3761 2112 3832 disputatur
2149 3762 2251 3832 (lx
2289 3763 2421 3829 23⁵).

668 3849 726 3918 2)
766 3849 1049 3918 Conferas,
1102 3867 1243 3920 quae
1279 3852 1335 3905 in
1373 3852 1624 3907 Homiliis
1675 3852 1952 3922 (similiter
1994 3852 2050 3905 in
2087 3851 2326 3920 Recogn.
2364 3850 2494 3905 libri
2531 3850 2583 3904 X
2635 3848 2781 3919 capi-

488 3937 635 3992 tibus
677 3942 740 3991 11
769 3944 826 3992 et
859 3942 946 4008 12)
995 3947 1123 4008 post
1160 3942 1337 4009 ipsam
1385 3941 1739 4010 anagnorisin
1774 3940 2037 4010 loquatur
2073 3939 2234 3994 Ἀλλὰ
2271 3942 2357 3993 καὶ
2393 3941 2554 3995 πολλὰ
2591 3941 2781 3993 πταίειν

491 4028 601 4081 οἶδα
637 4029 754 4087 τοὺς
795 4029 1142 4100 ἀστρολόγους,
1197 4032 1360 4085 πολλὰ
1398 4031 1449 4083 δὲ
1487 4033 1575 4084 καὶ
1611 4031 1876 4103 ἀληθεΰειν
1928 4032 2009 4097 (ιδ
2054 4031 2206 4100 11¹⁶).
2282 4031 2401 4084 Hoc
2439 4029 2782 4085 enuntiatum

490 4116 547 4170 in
605 4117 902 4186 „historia“
958 4119 1211 4189 (propter
1263 4120 1615 4189 anagnorisin
1665 4121 1886 4188 Fausti)
1953 4125 2102 4174 certe
2154 4135 2262 4173 non
2314 4118 2557 4187 exstitit3
2629 4118 2784 4186 atqui

489 4224 599 4261 non
638 4209 780 4261 male
817 4204 1031 4263 redolet
1068 4208 1336 4264 Graecum
1375 4210 1442 4265 de
1477 4211 1783 4279 astrologia
1832 4209 2116 4278 iudicium3
2170 4208 2422 4264 similiter
2458 4207 2786 4262 iudicaverit

491 4304 682 4352 auctor
721 4297 959 4353 fabellae
997 4298 1179 4375 (quem
1218 4299 1578 4354 Homiliarum
1617 4305 1811 4355 auctor
1849 4297 2103 4354 videlicet
2139 4298 2399 4368 ignorat).
