3357 5110
1530 452 1964 516 *38-

608 630 1003 715 praeparat,
1072 648 1218 692 cum
1263 627 1508 694 Petrus
1555 625 1829 713 eiusque
1876 624 2205 713 discipuli
2236 621 2322 690 ad
2369 624 2677 691 Aradum
2722 625 2903 692 insu-

607 732 742 798 lam
809 729 1380 811 transvehuntur,
1452 734 1530 796 ut
1595 731 1759 796 duas
1824 729 2165 796 columnas
2222 729 2444 796 viteas
2492 729 2904 817 Phidiaeque

611 858 820 924 opera
887 835 1446 922 contemplentur.
1563 834 1908 916 Quantum
1982 834 2161 920 apud
2228 833 2563 900 Achillem
2629 833 2904 899 Tatium

609 940 934 1026 imagines
1004 941 1284 1007 valeant
1350 949 1581 1005 notum
1650 948 1775 1004 est.
1870 938 2025 1025 Ipse
2073 937 2373 1004 affirmat
2424 961 2495 1004 se
2540 938 2899 1025 aliquando

610 1046 679 1110 in
723 1046 998 1134 pictura
1043 1045 1430 1134 spectanda,
1477 1067 1649 1132 quae
1698 1048 1851 1110 erat
1895 1045 1966 1109 in
2013 1043 2267 1130 templo
2302 1043 2589 1124 Sidonis,
2639 1042 2900 1109 adules-

611 1155 870 1217 centem
917 1141 1247 1237 quendam
1292 1150 1648 1231 invenisse,
1700 1148 1816 1236 qui
1863 1149 1993 1215 sibi
2022 1148 2381 1215 historiam
2414 1149 2794 1236 Leucippae
2832 1152 2905 1215 et

612 1254 1072 1343 Clitophontis
1119 1256 1440 1320 narraret
1493 1256 1582 1341 (p.
1631 1255 1909 1334 37—40,
1932 1254 2033 1340 15).
2125 1253 2267 1320 Nec
2313 1253 2734 1320 dissimiliter
2779 1253 2906 1319 Pe=

609 1364 762 1426 trus
810 1362 970 1426 ante
1014 1359 1375 1446 templum,
1443 1359 1531 1424 ad
1575 1359 1755 1445 quod
1800 1358 2238 1444 spectandum
2283 1361 2598 1439 venerat,
2668 1357 2901 1424 Matti-

611 1463 790 1530 diam
833 1463 1116 1546 invenit,
1166 1486 1336 1550 quae
1375 1451 1446 1530 'ei
1490 1463 1643 1530 fata
1690 1463 1987 1530 familiae
2036 1463 2372 1529 narravit.
2426 1493 2431 1498 ·

785 1569 960 1642 Miro
1007 1591 1154 1635 cum
1201 1568 1426 1634 studio
1475 1545 1713 1636 auctor
1759 1567 2086 1656 depinxit,
2156 1591 2355 1656 quam
2402 1567 2693 1634 sordidis
2738 1588 2903 1655 pau—

610 1671 1020 1759 peribusque
1093 1673 1398 1739 vestibus
1463 1672 1787 1740 Mattidia
1852 1672 2074 1739 Aradi
2150 1677 2223 1739 et
2294 1678 2535 1759 postea
2606 1671 2902 1738 Faustus

609 1775 1019 1859 Laodiceae,
1089 1778 1476 1864 priusquam
1523 1781 2163 1864 recognosceretur,
2232 1777 2457 1844 induti
2518 1780 2741 1843 essent
2802 1777 2905 1862 (ιβ

615 1881 728 1965 13;
778 1883 849 1946 ιδ
893 1881 1012 1962 2¹⁸,
1048 1881 1172 1969 3⁸⁵)
1209 1919 1280 1930 --
1319 1882 1500 1948 haud
1532 1883 1748 1962 dubie,
1800 1897 1927 1969 quo
1974 1883 2188 1949 maior
2227 1883 2427 1948 fieret
2472 1881 2904 1948 commutatio

613 2009 858 2053 rerum.
951 1988 1095 2054 Hoc
1139 1987 1404 2074 saepius
1453 1987 1786 2055 videmus:
1867 1987 2183 2074 Clitopho
2252 1991 2323 2054 et
2366 1986 2638 2068 Melita,
2709 2008 2907 2074 quam

611 2090 729 2156 ille
795 2091 1204 2180 Leucippam
1270 2096 1606 2159 mortuam
1674 2115 1821 2160 esse
1890 2093 2273 2159 arbitratus
2341 2114 2622 2159 uxorem
2691 2091 2906 2172 duxit,

611 2189 758 2262 ruri
802 2197 1148 2263 mulierem
1213 2197 1548 2285 quandam
1613 2199 1956 2276 sordidam
1999 2198 2389 2279 inveniunt,
2461 2219 2631 2284 quae
2677 2196 2905 2283 ligone

614 2301 888 2386 operari
952 2299 1254 2388 cogitur;
1328 2306 1436 2369 est
1498 2303 1838 2392 Leucippe
1901 2303 2093 2389 (Ach.
2165 2302 2319 2368 Tat.
2372 2303 2596 2383 144‚1;
2668 2301 2751 2366 cf.
2821 2299 2905 2365 de

611 2404 870 2471 Fausto
944 2405 1287 2495 »ἐργάτης“
1357 2407 1520 2485 1.’1.).
1568 2447 1653 2454 ——
1703 2409 2021 2475 Ceterum
2085 2407 2389 2495 quamvis
2449 2405 2773 2472 Mattidia
2836 2410 2907 2470 et

611 2513 854 2598 postea
897 2510 1191 2579 Faustus
1237 2515 1378 2581 tam
1443 2513 1700 2580 sordidi
1746 2513 1905 2597 sint,
1968 2517 2197 2581 tamen
2244 2512 2550 2580 Clemens
2610 2511 2901 2599 ἀμαυρῶς

612 2638 743 2687 πως
806 2615 1014 2683 facies
1087 2640 1313 2683 eorum
1380 2619 1805 2705 recognoscit
1873 2623 1971 2703 (ιβ
2020 2619 2170 2701 23¹¹,
2244 2620 2312 2684 ιδ
2359 2619 2503 2701 9⁹²);
2585 2612 2952 2703 Clitopho‘

614 2741 876 2807 quoque
954 2743 1024 2787 se
1099 2720 1520 2810 Leuk'ippam
1611 2724 1914 2810 quamvis
2006 2724 2346 2791 sordidam
2427 2744 2906 2810 recognoscere

615 2825 935 2912 opinatur
981 2826 1176 2910 (Ach.
1225 2828 1378 2896 Tat.
1429 2828 1696 2914 144,22).

785 2931 1065 2997 Maioris
1113 2933 1433 2999 momenti
1465 2938 1572 2999 est
1601 2934 2041 3019 investigare,
2090 2932 2643 3021 quemadmodum
2694 2931 2907 3016 „chri-

617 3034 916 3101 stianus“
969 3037 1412 3123 anagnorisin
1456 3039 1924 3124 composuerit.
2015 3038 2464 3124 Anagnorisis
2515 3060 2649 3103 non
2696 3035 2907 3123 signis

614 3139 1042 3226 quibusdam,
1112 3144 1195 3207 ut
1248 3143 1428 3228 apud
1470 3142 1912 3208 Heliodorum
1975 3145 2145 3230 (187,
2172 3168 2257 3227 143
2307 3145 2451 3226 285,
2474 3144 2527 3227 8)
2590 3142 2904 3230 efficitur,

617 3241 734 3308 sed
777 3244 1154 3311 nominibus
1201 3245 1431 3312 dictis:
1478 3246 1726 3312 Petrus
1761 3247 2091 3314 Clementi
2137 3248 2437 3314 affirmat
2476 3246 2671 3313 'illam
2714 3246 2905 3311 muli-

615 3370 794 3414 erem
867 3371 1012 3415 esse
1079 3354 1398 3434 matrem,
1484 3350 1660 3416 idem
1729 3355 1871 3418 tres
1938 3352 2091 3418 illos
2161 3353 2435 3420 iuvenes
2512 3374 2655 3419 esse
2730 3351 2905 3417 filios

539 3439 549 3448 ¹
614 3453 872 3521 Fausto
940 3455 1223 3541 detegit.
1315 3456 1768 3543 Anagnorisis
1816 3456 2101 3523 Nicetae
2168 3461 2239 3524 et
2282 3458 2575 3545 Aquilae
2640 3457 2741 3523 ita
2805 3457 2905 3537 fit,

613 3562 694 3625 ut
738 3559 989 3625 Petrus
1035 3560 1188 3627 fata
1230 3561 1591 3628 Mattidiae
1636 3566 1907 3647 narret;
1980 3562 2183 3629 facile
2245 3563 2464 3648 igitur
2530 3562 2664 3642 illi,
2735 3583 2907 3648 quae

615 3664 707 3730 sit
775 3686 902 3745 reS,
971 3669 1401 3750 cognoscunt.
1497 3666 1716 3732 Simili
1779 3672 1929 3733 arte
1991 3690 2150 3733 usus
2197 3667 2602 3754 Apollonius
2650 3666 2904 3753 Tyrius

615 3768 969 3835 Tharsiam
1013 3770 1222 3837 filiam
1269 3772 1713 3857 recognoscit,
1780 3795 1923 3839 cum
1972 3772 2097 3838 illa
2142 3773 2204 3837 ei
2248 3774 2469 3839 fatum
2512 3773 2753 3841 matris
2800 3794 2905 3836 re-

615 3875 800 3940 ferat
847 3876 935 3962 (p.
982 3876 1087 3957 98,
1136 3875 1217 3941 cf.
1270 3876 1394 3941 106
1417 3877 1608 3963 sqq).
1655 3914 1742 3923 —-
1789 3877 2213 3964 Plerumque,
2263 3882 2342 3944 ut
2386 3880 2907 3944 consentaneum

617 3982 742 4061 est,
811 3983 1099 4066 uterque
1147 4002 1376 4047 amans
1423 3980 1640 4068 primo
1692 3984 1935 4048 obtutu
1983 4005 2054 4048 se
2108 3983 2549 4069 recognoscit.
2640 3983 2907 4048 Auctor

615 4084 1095 4167 Homiliarum,
1167 4107 1312 4150 cum
1381 4108 1625 4152 novam
1698 4108 1885 4152 suam
1957 4088 2392 4173 anagnorisin
2459 4088 2903 4173 excogitaret,

615 4187 740 4253 hoc
814 4190 1142 4254 usitatum
1219 4190 1578 4256 artificium
1654 4191 1983 4258 adhibuit.
2099 4192 2234 4259 Sed
2308 4192 2649 4259 interdum
2720 4191 2903 4258 solus

614 4292 826 4373 alter,
896 4316 1068 4380 quae
1134 4294 1226 4361 sit
1289 4317 1432 4376 reS,
1503 4295 1879 4381 intellegit;
1952 4321 2006 4364 e.
2054 4321 2156 4385 gr.
2228 4298 2622 4384 Theagenes
2686 4295 2906 4385 primo

3289 4040 3339 4488 -ῌ-..ἶ
3289 3865 3315 4031 a·
3293 3597 3337 3852 *Ἅι-
