3357 5110
7 4150 18 4257 ἡ»
7 4102 14 4139 v
8 4072 10 4087 ·-

1355 451 1789 515 -37-

427 622 794 689 mulierem·
817 621 990 688 falso
1037 625 1314 689 accusat
1373 623 1511 710 (vel
1557 623 2016 708 contrarium).
2108 623 2338 691 Etiam
2384 625 2631 696 Cnemo
2678 649 2729 693 a*

322 745 331 752 ¹
424 749 736 808 noverca,
787 748 956 813 quae
1004 749 1151 793 eum
1197 727 1464 794 frustra
1511 731 1809 810 amabat}
1852 732 2213 796 accusatur
2260 729 2436 816 (Hel.
2490 731 2716 816 13‚1a).

599 832 976 899 Redeamus
1024 832 1107 898 ad
1154 832 1371 919 ipsam
1422 831 1765 900 fabellam.
1856 828 2070 912 Pater
2134 835 2506 920 permultos
2551 831 2717 902 nun-

425 937 557 1005 tios
596 935 822 1018 misit,
891 935 1003 1022 qui
1067 935 1149 1003 de
1213 936 1538 1004 Mattidia
1600 941 1676 1002 et
1734 937 1893 1004 filiis
1955 940 2100 1003 tam
2164 938 2279 1003 diu
2323 939 2715 1006 absentibus

426 1043 864 1128 quaererent:
936 1040 1032 1107 sic
1089 1044 1407 1128 parentes
1455 1063 1719 1129 quoque
1766 1041 2206 1109 Habrocomis
2272 1047 2344 1109 et
2394 1043 2717 1127 Anthiae,

425 1146 542 1232 qui
587 1149 746 1210 ante
789 1145 1038 1212 multos
1085 1130 1294 1212 annos
1324 1147 1622 1233 profecti
1652 1149 1829 1229 sunt,
1876 1145 2151 1214 nuntios
2186 1146 2272 1213 ad
2301 1147 2451 1214 fata
2488 1170 2715 1214 eorum
2794 1166 2799 1172 ·

387 1249 806 1337 ..quaerenda
849 1250 1140 1316 mittunt
1183 1250 1514 1338 (Xenoph.
1565 1251 1715 1334 387,
1736 1251 1810 1338 s).

595 1355 888 1421 Interim
917 1355 1248 1423 Mattidia
1286 1377 1432 1422 cum
1477 1355 1636 1424 filiis
1669 1356 2105 1442 naufragium
2138 1356 2321 1438 fecit,
2370 1380 2500 1444 quo
2547 1358 2715 1425 arti-

422 1459 571 1526 ficio
635 1481 824 1525 nemo
887 1459 1269 1526 fabularum
1332 1461 1626 1546 scriptor
1688 1463 1895 1527 caret.
1986 1459 2235 1526 Mirum
2296 1465 2543 1529 autem·
2589 1466 2711 1545 est,

427 1563 618 1651 quod·
646 1567 949 1631 amantes
997 1565 1292 1631 homines
1326 1587 1502 1648 rare,
1549 1568 1632 1632 ut
1663 1565 1787 1647 ffic,
1834 1565 2197 1652 naufragio
2246 1571 2711 1649 secernuntur,

421 1669 555 1734 nisi
615 1668 800 1735 forte
860 1669 1295 1736 recordamur
1359 1669 1825 1758 Hippothoum
1885 1671 2082 1758 pueri
2144 1679 2481 1738 amantem
2548 1694 2714 1738 nau-

421 1773 721 1859 fragium
765 1773 1022 1854 fecisse‚
1074 1797 1204 1860 quo
1249 1773 1369 1840 ille
1415 1797 1582 1860 puer
1626 1775 1889 1860 periret
1936 1775 2132 1860 (Xen.
2181 1775 2465 1862 361,³0);
2534 1776 2713 1843 idem

420 1877 799 1966 Hippothoi
872 1879 1338 1964 naufragium,
1417 1883 1497 1945 ut
1569 1880 1641 1946 in
1727 1879 2050 1962 „historia
2124 1879 2554 1962 Clementis“,
2632 1881 2713 1961 fit

418 1982 638 2048 multa
702 1986 919 2050 nocte.
986 2022 1074 2031 —
1141 1983 1596 2071 Naufragium
1661 1985 1879 2071 ipsum
1944 2005 1987 2049 a
2059 1984 2507 2067 „christiano“
2576 2008 2713 2052 non

421 2088 846 2167 describitur,
895 2088 1010 2155 sed
1042 2086 1380 2156 rationem
1417 2088 1843 2176 depingendi,
1891 2088 2442 2176 quemadmodum
2476 2090 2710 2157 Matti-

419 2193 534 2260 dia
579 2193 726 2260 sola
773 2195 877 2276 (ut
919 2193 1148 2281 putat)
1206 2198 1482 2260 servata
1526 2193 1596 2258 in
1641 2194 1849 2260 litore
1893 2193 2153 2260 insulae
2200 2194 2563 2262 lacrimans
2609 2198 2711 2261 at·
2811 2183 2819 2202 ⁷

415 2321 544 2385 que
588 2299 915 2386 plangens
963 2299 1180 2386 prima
1241 2298 1390 2365 luce
1453 2285 1697 2386 pueros
1764 2299 2045 2366 amissos
2110 2299 2557 2383 vociferetur,
2626 2303 2709 2366 ab
2754 2328 2757 2329 ⁷

419 2402 826 2490 ecphraseon
869 2426 1050 2470 more
1098 2403 1320 2490 repeti
1362 2406 1597 2492 potest
1641 2406 1741 2492 (ιβ
1792 2405 2188 2491 16¹⁰—17¹⁷).

589 2507 976 2575 Mattidiam
1050 2509 1252 2596 paulo
1328 2512 1487 2576 ante
1563 2509 1968 2579 ditissimam
2042 2502 2264 2580 secum
2354 2513 2711 2597 receperat

415 2613 830 2701 paupercula
861 2614 1186 2701 quaedam
1213 2613 1477 2697 mulier,
1514 2637 1714 2703 quam
1746 2615 2052 2697 Clemens
2083 2619 2242 2703 post
2272 2614 2713 2702 anagnorisin

419 2718 756 2805 opulentis
801 2719 1188 2785 muneribus
1236 2720 1552 2787 donavit:
1599 2743 1818 2808 neque
1863 2721 2071 2788 aliter
2118 2720 2521 2809 Apollonius
2569 2719 2709 2805 Ty-

415 2824 557 2888 rius
601 2823 963 2911 naufragio
1009 2825 1194 2890 facto
1243 2847 1389 2889 cum
1434 2825 1773 2910 piscatore
1818 2846 2117 2912 paupere
2178 2826 2493 2890 amictum
2540 2824 2707 2890 divi-

414 2927 576 2994 dere
622 2933 914 3012 coactus‚
977 2932 1336 3017 postquam
1395 2929 1468 2994 in
1515 2930 2098 2996 extremafabula
2162 2929 2251 2995 ad
2316 2928 2493 2995 idem
2537 2928 2705 2995 litus

382 3019 638 3115 rediit,
709 3032 902 3099 illum
949 3042 1174 3101 senem
1217 3034 1881 3123 magnificentissime
1929 3036 2323 3101 remunerat
2367 3034 2455 3120 (p.
2503 3033 2589 3097 22
2634 3037 2707 3099 et

414 3137 542 3202 114
559 3138 702 3223 sq.).
1529 3186 1538 3193 -

587 3242 753 3307 Cum
797 3244 1120 3310 Mattidia
1181 3243 1269 3309 ad
1329 3243 1496 3311 litus
1543 3243 1766 3309 Aradi
1830 3244 2189 3331 naufragio
2254 3243 2539 3331 depulsa
2594 3242 2703 3325 sit,

416 3347 546 3413 duo
593 3346 720 3411 filii
763 3370 804 3412 a
849 3348 1093 3434 piratis
1141 3349 1586 3436 excipiuntur,
1635 3349 1751 3435 qui
1797 3372 1909 3415 eos
1951 3348 2353 3415 Caesaream
2396 3346 2704 3414 trahunt.

416 3452 829 3537 Ceteroquin
890 3451 1050 3518 illae
1113 3454 1425 3539 regiones
1471 3477 1546 3521 re
1591 3476 1761 3521 vera
1806 3454 2049 3541 piratis
2112 3452 2562 3519 abundavisse
2607 3452 2706 3518 vi·
2784 3464 2789 3468 ’

413 3557 677 3640 dentur,
743 3579 890 3624 cum
917 3556 1146 3623 -etiam
1192 3558 1645 3625 Habrocomes
1700 3562 1773 3626 et
1816 3558 2081 3625 Anthia
2125 3557 2389 3643 Tyrum
2432 3556 2705 3623 trahan-

415 3664 535 3728 tur
579 3663 737 3728 ἔνθα
782 3661 856 3750 ἧν
897 3674 1026 3737 ’τοῖς
1070 3675 1388 3748 πειραταῖς
1441 3668 1516 3729 τὰ
1548 3663 1750 3729 οἰκεῖα
1783 3664 1980 3749 (Xen.
2015 3663 2161 3745 344,
2183 3662 2255 3749 s).
2348 3661 2706 3727 Tharsiam

413 3788 676 3854 quoque
737 3752 1013 3853 piratae·
1065 3766 1325 3834 Tharso
1393 3770 1675 3856 rapiunt
1741 3771 1817 3835 et
1880 3768 1951 3833 in
2011 3768 2164 3834 foro
2230 3789 2472 3834 venum
2537 3766 2707 3832 dant

295 3942 299 3947 ,
411 3872 499 3957 (h.
548 3871 679 3957 Ap.
728 3871 897 3957 Tyr.
962 3896 1025 3958 p.
1075 3874 1204 3959 62).
1301 3873 1478 3955 Quin
1542 3875 1744 3940 etiam
1797 3872 2065 3940 nomina
2127 3872 2395 3959 piratae
2437 3874 2705 3937 mutare

411 3975 652 4057 solent,
699 3979 779 4042 ut
815 3976 1153 4063 Leucippe
1196 3981 1442 4045 narrat
1488 3976 1557 4044 οὗ
1604 3980 1916 4066 καλοῦμαι
1961 3978 2281 4043 Λάκαινα·
2331 3974 2504 4061 ὕβρις
2550 3973 2703 4060 αὕτη

323 4081 331 4086 ’
413 4080 538 4146 ἐστὶ
582 4087 936 4169 πειρατικὴ·
986 4083 1387 4169 λελῄστευται
1432 4089 1540 4149 καὶ
1585 4081 1850 4171 τοῦνομα
1908 4082 2102 4169 (Ach.
2138 4082 2293 4147 Tat.
2334 4105 2396 4170 p.
2434 4078 2702 4165 168‚10).

408 4222 494 4233 —-
542 4186 780 4253 Omnia
826 4186 950 4252 illa
995 4185 1076 4252 de
1123 4186 1380 4253 duobus
1427 4188 1586 4253 filiis
1632 4186 1995 4254 Mattidiae
2042 4189 2429 4254 narrantur.

491 4309 499 4319 ·
583 4292 738 4359 Non
781 4292 956 4359 male
1002 4295 1240 4358 auctor
1301 4293 1744 4378 anagnorisin
1791 4292 2156 4359 Clementis
2223 4294 2296 4358 et
2338 4290 2701 4357 Mattidiae
