3357 5110
1529 413 1965 480 *32-

600 595 777 650 τοῦτο
837 585 1020 671 εἷναι;
1099 591 1207 658 καὶ
1271 585 1305 652 ὁ
1367 585 1600 672 Πέτρος
1659 586 2028 672 ἀπεκρίνατο
2092 586 2522 674 Παράστησον,
2587 587 2636 653 ὦ
2703 591 2899 670 γὺναι,

602 695 891 772 γενναίως
937 697 1038 756 τὸν
1085 701 1223 760 νοῦν
1267 715 1398 769 σοι),
1447 689 1617 766 ὅπως
1660 704 1777 756 τῶν
1821 703 1942 757 σῶν
1990 691 2319 779 ἀπολαὺσῃ
2350 699 2573 762 τέκνων
2618 693 2713 778 (ιγ
2760 691 2898 776 6²³).

775 796 1044 862 Auctor
1107 795 1325 883 igitur
1385 795 1616 864 eodem
1678 795 1829 863 fere
1874 796 2068 864 modo
2118 796 2565 917 anagnorisin
2608 795 2899 864 Nicetae

602 904 677 968 et
739 901 1030 989 Aquilae
1093 901 1464 990 composuit
1529 908 1739 990 atque
1806 902 2248 989 anagnorisin
2310 901 2713 986 Clementia,
2780 903 2899 969 ubi

603 1004 942 1088 Clemens,
1020 1029 1216 1093 quem
1282 1006 1707 1093 inopinatum
1772 1007 2171 1074 muliercula
2237 1006 2703 1093 amplectitur,
2782 1008 2895 1072 ob-

603 1111 1026 1197 stupefactus
1070 1110 1260 1177 illam
1306 1110 1611 1199 reppulit
1658 1116 1730 1179 et
1790 1111 2043 1178 Petrus
2089 1111 2268 1178 dixit
2306 1111 2380 1178 Τί
2424 1123 2645 1190 ποιεῖς,
2690 1118 2899 1178 τέκνον

600 1215 893 1304 Κλήμης,
943 1215 1378 1303 ἀποσειόμενος
1422 1220 1529 1302 τὴν
1575 1222 1687 1303 σὴν
1739 1217 1926 1291 οντως
1972 1226 2284 1282 τεκοῦσαν.

653 1361 659 1366 -
774 1321 1135 1407 Hucusque
1197 1319 1624 1406 anagnorisis
1670 1320 1958 1388 Nicetae
2021 1323 2094 1388 et
2148 1320 2441 1409 Aquilae
2503 1343 2638 1386 non
2698 1318 2895 1388 modo

601 1425 775 1492 satis
821 1424 994 1491 male
1041 1425 1412 1512 composita
1460 1430 1584 1509 est,
1656 1427 1777 1494 sed
1822 1426 2029 1493 etiam
2072 1425 2326 1514 pendet
2371 1429 2455 1492 ab
2501 1423 2897 1511 anagnorisi

599 1528 884 1596 Aradia.
1527 1555 1534 1558 ·

773 1634 1144 1722 Postquam
1187 1634 1443 1702 fratres
1490 1636 1642 1703 fata
1689 1657 1811 1702 sua
1851 1638 2330 1718 narraverunt,
2378 1635 2654 1723 ἡμήτηρ
2718 1634 2893 1724 ἡμῶν

599 1745 970 1825 προσέπεσεν
1014 1752 1097 1826 τῷ
1144 1739 1382 1827 Πέτρῳ,
1444 1742 1702 1829 δεομένη
1749 1745 1859 1807 καὶ
1904 1741 2166 1816 ἀξιοῦσα
2226 1740 2393 1814 ὅπως
2437 1737 2629 1828 αὐτήν
2675 1761 2737 1806 τε
2784 1744 2897 1805 καὶ

599 1851 706 1933 τὴν
753 1847 1072 1933 ξενοδόχον
1120 1843 1312 1933 αὐτῆς
1359 1852 1909 1934 μεταπεμψάμενος
1970 1846 2229 1934 ἐξαυτῆς
2277 1850 2539 1931 βαπτίσῃ
2608 1845 2707 1931 (ιγ
2756 1843 2890 1930 9¹⁶).

599 1949 663 2016 N
668 1973 755 2016 on
819 1950 1177 2033 miramur,
1250 1951 1426 2038 quod
1491 1951 1818 2018 Mattidia
1877 1950 2029 2038 ipsa
2087 1950 2429 2039 baptizari
2494 1948 2666 2016 vult.
2756 1947 2894 2014 Sed

597 2078 768 2142 quae
834 2055 1110 2124 tandem
1173 2059 1280 2122 est
1340 2055 1464 2123 illa
1509 2057 1885 2144 ξενοδόχοςῖ)
1976 2056 2259 2122 Omnino
2320 2076 2453 2122 una
2518 2053 2889 2134 invenitur,

599 2182 684 2226 sc.
749 2159 892 2241 illa,
956 2181 1128 2248 quae
1173 2146 1394 2228 Aradi
1438 2161 1827 2229 Mattidiam
1895 2164 2054 2248 post
2104 2159 2534 2245 naufragium
2598 2157 2892 2244 benigne

597 2269 989 2354 receperat3
1043 2265 1205 2333 haec
1252 2267 1481 2332 eadem
1528 2288 1570 2334 a
1615 2266 1965 2334 Clemente
2009 2265 2478 2333 munificenter
2520 2263 2776 2330 donata
2821 2265 2897 2328 et

595 2370 888 2457 principi
950 2369 1211 2438 insulae
1275 2371 1739 2440 commendata
1784 2371 2008 2438 Aradi
2072 2371 2316 2438 relicta
2377 2374 2487 2436 est
2555 2371 2601 2452 (ι
2620 2373 2655 2454 β
2700 2367 2892 2450 243⁵).

599 2476 767 2542 Tres
836 2474 978 2542 dies
1045 2499 1128 2542 ex
1190 2475 1315 2542 illa
1377 2477 1767 2564 anagnorisi
1812 2476 2073 2543 Aradia
2117 2473 2493 2543 intermissi
2553 2463 2747 2552 sunt,
2818 2475 2899 2537 et.

596 2581 849 2649 Petrus
897 2582 1240 2671 ceterique
1303 2604 1528 2649 omnes
1590 2605 1728 2648 non
1790 2583 1923 2649 iam
1968 2581 2221 2663 Aradi,
2294 2580 2414 2647 sed
2458 2579 2595 2647 iam
2640 2577 2893 2645 dudum

595 2686 971 2755 Laodiceae
1015 2690 1398 2756 versantur.
1487 2687 1809 2754 Ridicula
1855 2688 1964 2754 est
2006 2709 2145 2768 res,
2220 2686 2339 2753 sed
2384 2683 2643 2772 aliquid
2688 2678 2887 2751 inest.

596 2791 826 2862 Antea
873 2791 1141 2859 ostendi
1187 2792 1626 2879 anagnorisin
1669 2791 2189 2860 Laodiceensem
2231 2790 2525 2879 pendere
2585 2791 2669 2855 ab
2716 2788 2891 2855 Ara-

596 2896 727 2964 dia.
820 2897 1014 2981 Quod
1045 2897 1152 2965 hic
1181 2898 1432 2965 iterum
1464 2898 1731 2965 accidit.
1822 2897 2147 2965 Mattidia
2191 2895 2471 2963 Aradi
2514 2893 2889 2981 recognita,

594 3002 988 3091 priusquam
1049 3025 1198 3069 cum
1259 3003 1468 3070 Petro
1534 3009 1606 3070 et
1653 3002 2000 3071 Clemente
2062 3004 2148 3069 ab
2211 3000 2434 3067 insula
2487 2998 2889 3079 discederet,

592 3107 907 3194 hospitae
952 3102 1285 3175 beneficae
1332 3108 1711 3175 valedicere
1756 3112 1829 3174 et
1865 3106 2129 3194 gratias
2160 3127 2369 3193 agere
2412 3104 2665 3173 voluit:
2712 3096 2889 3168 Mat-

593 3210 1295 3297 tidiaLaodi.ceae
1341 3214 1709 3300 recognita,
1775 3212 2047 3299 gratiae
2092 3210 2495 3281 referendae
2541 3215 2761 3289 causa‚·
2808 3210 2893 3272 ut

593 3315 867 3403 hospita
911 3317 1354 3404 ,baptizetur,
1425 3340 1467 3385 a
1512 3318 1721 3385 Petro
1784 3318 1981 3404 petit.
2072 3316 2221 3382 Hoc
2283 3314 2430 3381 fieri
2492 3316 2758 3402 posset,
2831 3311 2891 3377 si

595 3422 1020 3508 anagnorisis
1063 3422 1349 3490 Nicetae
1396 3426 1466 3491 et
1511 3423 1807 3512 Aquilae
1872 3424 2067 3510 (quae
2113 3443 2290 3489 nunc
2336 3422 2445 3486 est
2488 3416 2891 3502 Laodiceae)

592 3526 666 3592 in
707 3527 933 3595 insula
979 3528 1214 3595 Arado
1263 3532 1466 3595 esset.
1557 3529 1871 3617 Utraque
1916 3529 2134 3616 igitur
2194 3523 2643 3610 anagnorisis,
2707 3522 2890 3589 Ara-

593 3632 708 3699 dia
752 3635 826 3699 et
869 3632 1363 3715 Laodiceensis,
1411 3634 1606 3720 quasi
1651 3634 1931 3701 confluit
1975 3634 2048 3699 in
2092 3654 2312 3698 unam.

765 3736 913 3803 Hoc
943 3760 1205 3826 quoque
1238 3738 1537 3805 afferam.
1613 3739 1935 3806 Mattidia
1979 3737 2247 3828 petivit,
2314 3739 2393 3802 ut
2440 3734 2679 3803 statim
2727 3734 2889 3819 bap-

593 3841 962 3924 tizaretur;
1033 3842 1222 3908 nullo
1287 3842 1394 3910 die
1455 3842 1843 3911 intermisso
1908 3842 2061 3910 vult
2121 3863 2257 3908 una
2320 3864 2468 3907 cum
2511 3837 2762 3906 Niceta
2816 3837 2893 3900 et

591 3947 849 4033 Aquila
911 3948 1128 4013 cibum
1192 3970 1467 4016 sumere.
1559 3948 1694 4015 Sed
1755 3947 2425 4037 apostolusseverus
2491 3966 2638 4010 eam
2681 3962 2885 4010 unum

593 4051 837 4118 saltem
906 4051 1083 4118 diem
1147 4051 1446 4121 ieiunare
1512 4053 1723 4120 iubet.
1814 4053 1985 4119 Tum
2050 4054 2357 4120 testatur
2424 4047 2747 4127 Mattidia
2815 4066 2889 4111 se

591 4156 839 4242 gaudio
888 4157 1306 4244 anagnorisis
1351 4158 1669 4225 affectam
1711 4158 1846 4225 iam
1901 4157 2178 4225 biduum
2239 4154 2669 4225 ieiunavisse.
2760 4151 2885 4217 Pe-

591 4266 741 4329 trus
787 4262 999 4329 nihilo
1045 4262 1263 4329 minus
1314 4284 1460 4329 eam
1505 4285 1713 4350 usque
1744 4263 1832 4330 ad
1860 4266 2210 4351 posterum
2241 4261 2433 4340 diem,
2481 4282 2613 4347 quo
2662 4256 2887 4345 bapti·
