3357 5110
1378 405 1817 502 ...13—

440 616 658 684 ratius
705 616 908 700 infra,
977 617 1093 684 ubi
1137 617 1221 683 de
1265 609 1605 683 hominum
1649 615 1961 685 sollertia
2005 617 2238 704 agitur
2281 620 2344 705 (ξ
2392 619 2513 694 151
2544 621 2734 708 sqq.),

439 721 804 789 tractanda
863 724 1082 790 erant.
1195 720 1460 788 Deinde
1514 721 1711 816 redit¹
1764 721 1997 789 Cicero
2056 723 2146 790 ad
2200 723 2351 810 ipsa
2412 725 2735 794 caelestia

439 830 512 894 et
552 827 879 915 imprimis
923 825 1013 893 ad
1055 830 1262 908 astra,
1325 847 1612 912 quorum
1671 825 1745 892 in
1808 826 2035 893 studio
2099 828 2353 897 diutius
2416 833 2734 898 versatur

435 933 498 1018 (ξ
547 931 918 1018 102-119)
944 930 1012 1016 ¹).
1107 931 1254 1012 Quo
1317 929 1502 998 facto
1568 930 1801 998 eadem
1864 938 2181 1000 servatur
2223 933 2582 1022 dispositio
2629 938 2731 1002 at-

436 1058 564 1122 que
595 1039 802 1103 antea
846 1035 917 1101 in
947 1034 1586 1121 Recognitionibus:
1639 1036 1852 1124 „Age‚
1900 1039 1982 1103 ut
2012 1060 2053 1103 a
2084 1037 2485 1105 caelestibus
2531 1040 2733 1106 rebus

436 1140 524 1206 ad
581 1143 1075 1207 terrestres
1135 1140 1482 1208 veniamus
1532 1179 1612 1190 -
1661 1143 1787 1190 -α
1856 1142 1918 1225 (ἓ
1967 1141 2140 1224 120),
2204 1162 2338 1228 qua
2398 1142 2470 1210 in
2527 1146 2731 1230 parte

431 1243 683 1312 iterum
728 1283 813 1293 —
858 1243 1040 1313 haud
1095 1243 1304 1312 aliter
1362 1248 1568 1332 atque
1627 1248 1833 1313 antea
1878 1283 1964 1296 ·-
2008 1245 2299 1334 primum
2324 1246 2426 1317 ‚de
2471 1246 2729 1334 plantis

432 1347 495 1435 (ἓ
545 1349 716 1435 120),
785 1349 1024 1416 deinde
1081 1349 1163 1416 de
1223 1349 1459 1416 bestiis
1519 1349 1583 1437 (ἓ
1630 1349 2003 1436 121—130)
2070 1350 2485 1438 disputatur.
2598 1350 2729 1419 Hic

433 1455 678 1521 saltem
721 1454 1025 1542 preciosa
1069 1453 1417 1521 adduntur
1462 1453 1808 1534 nonnulla,
1873 1477 2044 1542 quae
2105 1456 2357 1543 optime
2403 1477 2550 1522 cum
2593 1455 2728 1524 Re-

431 1559 890 1646 cognitionum
936 1559 1165 1628 eadem
1213 1562 1414 1647 parte
1462 1558 1841 1626 concinunt.

850 1682 1103 1760 Cicero.
2082 1682 2244 1750 Rec.

515 1790 552 1872 ἓ
586 1788 732 1854 127.
800 1788 936 1872 „Ut
967 1810 1130 1855 vero
1161 1791 1532 1875 perpetuus
1677 1809 1775 1884 ·c.·
1802 1787 1938 1853 25².
2013 1787 2289 1871 „Nonne
2333 1811 2458 1875 per
2499 1787 2724 1876 provi-

330 1907 342 1912 ·
426 1891 658 1959 mundi
703 1896 885 1960 esset
930 1895 1230 1975 ornatuS,
1287 1913 1532 1980 magna
1619 1891 1919 1959 dentiam
1964 1893 2221 1960 factum
2266 1897 2391 1975 est,
2453 1897 2532 1960 ut
2575 1916 2725 1960 cum

427 1995 736 2063 adhibita
802 2017 964 2062 cura
1031 2000 1139 2063 est
1200 2018 1256 2084 a·
1301 1997 1530 2085 provi·
1619 2000 1895 2064 senecta
1937 1996 2261 2084 temporis
2304 1996 2722 2065 resolveren-
2829 2062 2836 2067 ,
2938 2037 2943 2040 -

427 2100 662 2167 dentia
690 2100 986 2183 deorum,
1025 2105 1108 2167 ut
1139 2122 1400 2188 semper
1429 2123 1530 2168 es·
1617 2105 1769 2184 tur,
1861 2100 2172 2187 virgulta
2260 2101 2529 2189 quidem
2609 2103 2723 2169 vel

425 2209 579 2273 sent
625 2209 697 2272 et
742 2205 1116 2273 bestiarum
1156 2227 1413 2294 genera
1458 2209 1531 2273 et
1616 2205 1873 2295 plantis
1943 2206 2054 2273 vel
2118 2206 2479 2275 seminibus
2549 2229 2721 2295 quae

427 2315 742 2379 arborum
807 2313 1230 2399 omniumque
1285 2333 1528 2395 rerum,
1619 2312 1771 2400 ipsa.
1815 2311 2148 2391 dederint,
2197 2311 2518 2379 animalia
2552 2335 2718 2380 vero

427 2438 597 2503 quae
642 2439 684 2484 a
739 2420 930 2485 terra
986 2416 1311 2504 stirpibus
1377 2439 1526 2483 con·
1615 2439 1739 2504 per
1786 2417 2178 2503 progeniem
2222 2417 2715 2505 reparentur?“

424 2520 832 2589 tinerentur.
879 2520 1068 2605 Quae
1090 2520 1358 2609 quidem
1390 2543 1524 2589 om-

422 2626 539 2693 nia
583 2648 729 2694 eam
769 2629 908 2695 vim
953 2627 1224 2697 seminis
1271 2628 1526 2695 habent

423 2730 493 2795 in
539 2754 610 2797 se
655 2770 740 2779 —-
787 2734 910 2790 -.—“
1203 2784 1208 2787 -

510 2836 718 2917 §128
775 2835 954 2917 Quid
974 2836 1233 2923 loquar,
1268 2840 1523 2922 quanta
1702 2860 1754 2902 c.
1802 2837 1935 2902 25⁸.
2010 2837 2443 2923 „Gignuntur
2486 2841 2716 2904 autem

421 2938 604 3028 ratio
636 2939 708 3004 in
739 2939 977 3005 bestiis
1009 2938 1097 3015 ad
1125 2943 1526 3027 perpetuam
1612 2962 1748 3006 non
1793 2940 2007 3007 solum
2050 2962 2287 3024 mares,
2336 2940 2453 3007 sed
2499 2944 2572 3007 et
2615 2941 2712 3007 fe-

421 3042 1004 3112 conservationem
1045 3064 1275 3109 earum
1320 3065 1520 3129 gene-
1608 3043 1846 3126 minae,
1901 3047 1983 3111 ut
2028 3065 2111 3110 ex
2155 3047 2447 3132 utroque
2490 3044 2714 3132 possit

416 3146 511 3213 ris
558 3145 942 3235 appareat?
1008 3146 1185 3214 Nam
1229 3147 1520 3235 primum
1609 3170 1840 3215 rursus
1906 3152 2215 3215 constare
2272 3149 2707 3236 posteritas.“

415 3250 592 3318 aliae
650 3274 905 3331 mares,
981 3250 1161 3319 aliae
1229 3251 1518 3319 feminae

417 3361 594 3440 sunt,
612 3355 794 3443 quod
809 3355 1297 3444 perpetuitatis
1317 3377 1518 3423 causa

415 3460 800 3527 machinata
836 3467 1088 3553 nature
1122 3466 1228 3527 est
1273 3499 1358 3508 -—
1393 3485 1514 3545 ——3

600 3670 653 3740 1)
690 3671 870 3729 Antea
907 3670 960 3741 (5
1005 3670 1130 3739 101)
1178 3668 1409 3725 affertur
1446 3668 1515 3724 de
1553 3674 1680 3723 ortu
1728 3674 2010 3723 ventorum
2059 3667 2323 3723 doctrina.
2399 3665 2705 3721 Secundum

413 3758 867 3828 Recognitionum
907 3764 1074 3828 caput
1109 3762 1194 3813 23.
1257 3764 1559 3814 nascuntur
1595 3758 1746 3813 venti
1790 3773 1858 3813 ex
1893 3764 2022 3812 aere
2059 3755 2433 3811 montibus
2470 3755 2705 3810 excelsis

411 3865 725 3919 compresso
781 3854 837 3904 et
886 3854 1277 3918 coangustato,
1333 3865 1456 3903 cum
1494 3849 1685 3904 Cicero
1737 3854 1927 3903 ventos
1984 3864 2052 3902 ex
2089 3852 2217 3902 aere
2254 3845 2435 3900 mari
2472 3843 2706 3898 finitimo

412 3938 546 3993 oriri
585 3943 797 3993 statuat
847 3939 992 4009 (cum
1031 3939 1291 3994 Cicerone
1331 3938 1399 3993 cf.
1441 3939 1567 3994 Aet.
1605 3939 1688 3993 111
1713 3942 1745 3992 7
1766 3938 1830 4008 a).
1883 3970 1950 3979 —
2006 3942 2036 4004 g
2079 3940 2178 3992 131
2229 3935 2476 4003 loquitur
2509 3934 2701 3988 Cicero

411 4027 479 4083 de
515 4027 692 4083 ventis
731 4028 954 4097 Etesii8‚
997 4045 1264 4097 „quorum
1298 4028 1625 4103 flatu‘nimii
1662 4033 2041 4097 temperantur
2080 4027 2345 4081 calores“.
2418 4023 2587 4091 Idem,
2624 4038 2702 4078 sc.

407 4118 761 4172 lenimentum
812 4118 1010 4173 caloris
1026 4159 1039 4184 ,
1095 4110 1300 4188 repetit
1359 4119 1759 4187 „christianus“
1814 4133 2031 4186 quoque
2079 4131 2113 4171 a
2149 4113 2521 4185 providentia,
2578 4129 2699 4167 cum

409 4213 537 4279 post
571 4207 724 4261 illam
760 4206 829 4261 de
867 4213 993 4262 ortu
1030 4214 1312 4264 ventorum
1351 4208 1654 4263 doctrinam
1703 4206 1837 4261 dicit
1889 4222 1992 4276 „ex
2030 4205 2225 4274 quibus
2266 4206 2363 4274 (sc.
2403 4203 2603 4272 ventis)
2644 4208 2701 4256 et

407 4296 624 4352 fructus
661 4312 884 4365 germen
921 4298 1231 4367 concipiant
1269 4303 1324 4353 et
1369 4297 1610 4353 aestivus
1649 4295 1818 4351 ardor
1853 4296 2172 4375 temperiem
2208 4296 2419 4349 sumat“
2464 4294 2535 4364 (c.
2561 4292 2701 4360 23⁶).
