3357 5110
1416 412 1850 476 -23-

487 577 827 654 sententia
879 574 1206 654 'evertere
1272 586 1570 654 audebit.
1661 587 1949 654 Accedit
2006 587 2165 654 hoc:
2236 611 2369 676 qua
2432 588 2515 655 de
2573 611 2775 656 causa

481 694 682 777 pater
729 691 1140 760 Clementem
1185 690 1453 772 celavit,
1509 713 1706 778 quam
1756 692 2065 759 eximiam
2111 697 2397 760 matrem
2441 693 2774 761 haberet?

485 793 791 862 Clemens
853 796 1027 862 enim
1090 794 1433 862 nefastum
1486 795 1680 862 illum
1743 817 2039 863 amorem
2084 797 2351 865 omnino
2395 797 2610 865 nescit
2676 797 2775 884 (ιβ

657 1003 804 1070 Iam
847 1025 1009 1070 vero
1054 1003 1403 1091 putaverit
1449 1004 1785 1093 quispiam
1829 1004 2019 1071 illam
2063 1005 2331 1092 quidem
2375 1005 2777 1074 calumniam

483 1108 728 1175 fratris
774 1109 1006 1175 mariti
1051 1131 1201 1176 esse
1243 1108 1693 1191 subditiciam,
1744 1110 1863 1177 sed
1893 1110 2106 1176 nihilo
2138 1110 2355 1202 minus
2386 1110 2779 1178 Mattidiam

484 1236 558 1279 re
603 1235 768 1280 vera
811 1216 1092 1302 propter
1135 1235 1426 1280 amorem
1457 1215 1703 1280 fratris
1745 1215 2124 1301 aufugisse3
2173 1215 2415 1282 deinde
2444 1215 2779 1282 Faustum

482 1318 779 1385 nescium
809 1317 1151 1385 nonnullis
1191 1318 1384 1385 annis
1409 1325 1566 1406 post
1598 1318 1846 1386 abiisse
1877 1319 1965 1386 ad
1994 1342 2274 1386 uxorem
2302 1320 2775 1406 quaerendam.

488 1421 680 1504 Quod
743 1445 866 1509 per
931 1444 1002 1490 se
1065 1425 1301 1511 aptum
1363 1421 1660 1492 videtur.
1753 1423 1957 1490 Haud
2000 1423 2199 1490 dubie
2246 1417 2473 1491 autem
2518 1425 2601 1491 de
2647 1424 2780 1491 fine

487 1526 777 1593 fabellae
856 1527 930 1593 in
993 1527 1271 1597 eandem
1331 1527 1811 1596 difficultatem
1869 1527 2219 1596 incidimus
2281 1532 2491 1616 atque
2551 1532 2777 1595 antea.

487 1632 702 1699 Amor
727 1632 967 1699 fratris
1001 1634 1234 1700 mariti
1267 1636 1339 1700 et
1370 1655 1558 1701 amor
1587 1633 1773 1701 servi
1794 1632 2224 1721 (horoscopii)
2248 1637 2392 1700 tam
2422 1633 2668 1700 similia
2694 1633 2783 1700 ad

486 1737 788 1804 fabulam
819 1737 1342 1806 continuandam
1373 1747 1533 1805 sunt
1564 1744 1921 1821 momenta,
1966 1744 2046 1805 ut
2075 1738 2453 1806 necessario
2485 1737 2781 1806 alterum

489 1842 710 1909 altero
759 1842 1178 1910 excludatur.
1271 1843 1403 1912 Sed
1448 1844 1622 1911 hanc
1666 1866 1812 1911 rem
1875 1845 2282 1911 omittamus.
2377 1831 2471 1911 Si‘
2495 1868 2573 1911 re
2621 1866 2784 1911 vera

487 1947 558 2014 in
616 1946 870 2014 fabella
934 1937 1230 2037 pristina
1293 1949 1526 2034 (talem
1587 1971 1628 2014 a
1675 1949 2127 2031 „christiano“
2197 1949 2569 2016 adhibitam
2638 1971 2783 2016 esse

490 2052 622 2118 iam
681 2075 858 2120 nunc
923 2054 1220 2140 constat)
1296 2054 1518 2120 frater
1585 2052 1861 2140 quidam
1940 2053 2171 2120 mariti
2244 2057 2478 2121 tantas
2552 2057 2784 2140 partes

491 2157 764 2243 egisset,
810 2180 1030 2226 nonne
1061 2163 1602 2245 exspectaremus
1650 2159 1863 2244 ipsius
1908 2158 2161 2226 fratris
2190 2157 2421 2225 mariti
2459 2159 2787 2246 graviora

488 2263 837 2329 inventum
896 2263 988 2330 iri
1047 2264 1396 2350 vestigia?
1481 2263 1630 2331 Hoc
1691 2263 1962 2330 minime
2026 2264 2139 2346 fit,
2208 2263 2513 2352 quamvis
2577 2264 2787 2330 etiam

491 2368 668 2455 apud
719 2367 1234 2452 „christianum“
1304 2367 1558 2456 optima
1621 2367 1718 2434 sit
1778 2369 2053 2436 occasio.
2145 2368 2491 2436 Antaradi
2535 2369 2789 2434 Petrus

491 2472 878 2560 interrogat
938 2472 1350 2540 Clementem
1415 2471 1634 2548 Οὐδεὶς
1710 2475 1777 2538 δὲ
1853 2496 1961 2538 σου
2023 2474 2287 2563 ἀληθῶς
2358 2477 2511 2560 πρὸς
2577 2479 2787 2558 γένους

491 2576 793 2666 ὑπάρχεις
865 2577 1170 2646 Clemens
1235 2579 1595 2667 respondet
1660 2578 1833 2645 Εἰσὶν
1900 2585 2007 2666 μὲν
2077 2582 2291 2645 πολλοὶ
2358 2584 2466 2645 καὶ
2530 2581 2787 2665 μεγάλοι

493 2682 732 2769 ἄνδρες,
794 2683 1115 2769 Καίσαρος
1159 2690 1312 2769 πρὸς
1356 2690 1569 2767 γένους
1612 2684 1781 2759 ὄντες
1850 2687 1949 2772 (ιβ
1995 2686 2129 2769 8²⁷).
2223 2684 2373 2766 Qua
2435 2684 2517 2751 de
2584 2703 2788 2749 causa

493 2788 618 2854 hoc
658 2787 826 2870 1000,
885 2788 1001 2854 ubi
1049 2788 1355 2856 Clemens
1403 2789 1486 2856 de
1531 2794 1737 2875 gente
1789 2811 1930 2871 sua,
2002 2790 2084 2856 de
2130 2790 2384 2855 Fausto
2431 2811 2579 2854 cum
2624 2787 2787 2855 Cae·

495 2913 642 2961 sare
690 2893 993 2974 educatO,
1061 2894 1142 2959 de
1188 2891 1510 2960 Mattidia
1571 2893 1803 2959 eadem
1876 2894 1957 2960 de
2021 2897 2227 2979 gente
2287 2896 2457 2959 nata
2504 2892 2788 2977 diligen-

430 3001 436 3009 “
497 2997 748 3064 tissime
807 2997 1055 3080 refert,
1116 2998 1524 3084 gravissima
1567 2997 1815 3065 fratris
1861 2997 2098 3063 mariti
2143 3018 2429 3084 persona
2472 3020 2609 3063 non
2652 3018 2788 3063 me-

497 3108 816 3185 moretur,
885 3126 1076 3170 nemo
1140 3102 1534 3191 intellegit..
1598 3104 1973 3171 Praeterea
2020 3102 2326 3169 Clemens
2386 3105 2628 3169 narrat
2672 3122 2791 3188 pa-

496 3212 688 3289 trem,
734 3208 1123 3296 priusquam
1166 3207 1729 3297 proficisceretur,
1771 3229 1842 3275 se
1874 3207 2152 3275 tertium
2201 3207 2415 3273 filium
2446 3207 2790 3275 tutoribus

499 3314 1061 3381 commendavisse
1083 3315 1144 3398 ¹).
1206 3314 1468 3379 Iterum
1502 3314 1782 3401 egregia
1813 3317 1969 3380 erat
1999 3313 2294 3379 facultas
2329 3312 2513 3381 illius
2544 3312 2791 3379 fratris

499 3416 986 3484 introducendi.
1078 3418 1295 3505 Atqui
1340 3418 1412 3483 in
1469 3421 1624 3484 tota
1669 3416 2036 3485 Clementis
2084 3418 2475 3486 narratione
2518 3439 2605 3482 ne
2657 3438 2791 3483 uno

502 3521 762 3609 quidem
826 3525 1030 3590 verbo
1107 3523 1270 3590 talis
1347 3522 1568 3589 frater
1643 3526 2074 3589 memoratur.
2185 3521 2541 3589 Postremo
2620 3521 2793 3588 satis

499 3626 678 3693 mala
724 3626 818 3693 sit
861 3626 1147 3709 fabella,
1207 3628 1274 3692 in
1324 3648 1458 3715 qua
1501 3627 1798 3695 Faustus
1862 3626 2137 3713 eiusque
2183 3626 2407 3692 frater
2452 3647 2575 3714 per
2620 3647 2793 3691 com-

500 3730 730 3819 plures
777 3738 934 3818 post
977 3732 1343 3800 Mattidiae
1386 3732 1618 3818 fugam
1678 3754 1890 3799 annos
1937 3732 2193 3799 Romae
2239 3753 2376 3797 una
2419 3730 2634 3798 vitam
2680 3729 2791 3796 de·

499 3837 746 3922 gerint,
813 3837 931 3903 sed
975 3838 1194 3904 frater
1241 3859 1388 3904 cum
1450 3836 1696 3904 marito
1744 3837 1827 3903 de
1871 3837 1995 3903 illa
2038 3858 2115 3903 re
2157 3836 2329 3902 nihil
2390 3838 2499 3922 (ne
2545 3834 2791 3902 calum-

501 3941 694 4009 nians
739 3941 1030 4028 quidem)
1075 3941 1342 4009 locutus
1391 3942 1504 4008 sit.

690 4147 755 4213 1)-
782 4147 869 4199 καὶ
908 4146 968 4218 δὴ
1009 4149 1129 4199 ποτὲ
1167 4146 1264 4199 ὕπὸ
1303 4147 1592 4217 φροντιστὰς
1644 4147 1853 4217 ποιήσας
1894 4165 1957 4215 με
1993 4146 2078 4198 καὶ
2115 4145 2183 4203 εἰς
2211 4142 2437 4215 “Ρώμην
2487 4143 2795 4214 καταλείψας

503 4234 589 4304 (ῑβ
633 4237 786 4304 10¹³).
