3357 5110
1758 436 2014 502 10—-

643 614 849 699 atque
895 609 1000 678 ita
1045 609 1378 688 cohaeret,
1447 609 1558 682 ad,
1591 632 1757 698 per-t
1835 611 2038 697 parte
2084 607 2434 676 collectam
2479 612 2551 674 et
2580 607 2667 673 ad
2713 608 2937 676 omnia

641 715 1042 784 manendum
1109 719 1192 782 ut
1255 712 1426 782 nihil
1492 737 1576 780 ne
1631 736 1743 781 ex·
1837 713 2155 781 similiter
2187 713 2678 808 respicientem,
2726 714 2934 804 atque

594 889 598 894 ,
643 819 938 906 cogitari
974 819 1239 908 quidem
1258 819 1476 908 possit
1496 819 1743 906 aptius.
1836 840 1878 886 a
1923 823 2153 886 centro
2200 822 2433 885 terrae
2498 816 2728 905 aequis
2783 838 2935 906 spa-

644 924 888 992 Omnes
934 924 1110 992 enim
1153 926 1384 1012 partes
1434 922 1577 992 eius
1624 947 1742 989 un·
1832 923 1953 991 tiis
2021 923 2433 1004 distinctam,
2496 911 2779 1011 ipsaque
2830 922 2935 989 sui

644 1030 845 1118 dique
890 1030 1182 1098 medium
1233 1030 1454 1098 Iocum
1515 1051 1745 1116 capes·
1834 1028 2255 1117 aequalitate
2299 1028 2403 1094 ita
2456 1027 2791 1108 stabilem,
2853 1031 2936 1094 ut

647 1138 872 1202 sentes
959 1135 1276 1202 nituntur
1366 1134 1746 1222 aequaliter

644 1279 732 1290 —
799 1277 882 1288 -
951 1241 988 1325 ἓ
1039 1241 1181 1306 116.
1275 1239 1626 1322 Quocirca,
1690 1239 1750 1306 si

642 1345 928 1411 mundus
958 1345 1280 1432 globosus
1311 1348 1420 1412 est
1453 1346 1538 1412 ob
1569 1367 1746 1412 eam-

646 1472 775 1537 que
822 1439 1092 1516 causam
1137 1472 1362 1516 omnes
1404 1450 1545 1516 eius
1590 1472 1747 1538 par-

645 1557 754 1622 tes
781 1553 1076 1642 undique
1107 1554 1513 1640 aequabiles,
1561 1554 1747 1643 ipsae

646 1682 769 1747 per
812 1682 885 1726 se
932 1663 1136 1747 atque
1181 1661 1366 1727 inter
1415 1683 1486 1729 se
1532 1661 1747 1728 conti-

1836 1155 1981 1201 eam
2024 1133 2096 1199 in
2141 1123 2397 1200 nullam
2425 1135 2691 1220 partem
2730 1132 2933 1200 decli-

1836 1261 2000 1306 nare
2045 1237 2338 1326 undique
2373 1237 2755 1326 aequalitas
2804 1237 2933 1306 col-

1833 1344 2018 1412 lecta
2092 1343 2486 1430 permittat;
2574 1347 2647 1410 et
2717 1343 2823 1410 ita
2895 1364 2939 1409 a

1835 1449 2027 1517 nullo
2114 1448 2508 1516 fulcimento
2614 1449 2940 1515 subvecta

1838 1557 2271 1621 sustentatur
2334 1553 2637 1641 sphaera.
2742 1551 2940 1635 Quod

1839 1661 1899 1728 si
1942 1683 2105 1728 vere
2150 1660 2326 1728 hanc
2386 1658 2639 1726 habeat
2702 1657 2941 1743 simili7

1837 1765 2138 1832 tudinem
2167 1765 2400 1832 mundi
2430 1763 2753 1846 machina,
2799 1763 2937 1831 evi-

1836 1870 1999 1938 dens
2022 1874 2130 1939 est
2156 1893 2323 1959 opus
2355 1870 2428 1936 in
2458 1891 2540 1936 ea
2570 1868 2933 1935 divinum.“

645 1766 912 1847 nentur,
962 1765 1357 1852 contingere
1387 1765 1560 1833 idem
1608 1769 1749 1833 ter-

645 1890 768 1937 rae
813 1892 1084 1937 necesse
1129 1874 1257 1952 est,
1315 1874 1396 1937 ut
1442 1870 1745 1938 omnibus

648 1973 792 2040 eius
826 1975 1140 2060 partibus
1171 1975 1242 2040 in
1274 1975 1566 2042 medium
1595 1997 1747 2043 ver-

645 2080 963 2165 gentibus
1029 2079 1125 2166 (id
1187 2081 1414 2146 autem
1457 2079 1750 2147 medium
1844 2083 1856 2094 ”

646 2185 943 2251 infimum
977 2185 1046 2250 in
1079 2185 1367 2273 sphaera
1401 2185 1532 2270 est)
1576 2184 1750 2250 nihil

645 2291 1123 2376 interrumpat,
1173 2312 1302 2377 quo
1342 2288 1750 2358 labefactari

646 2396 866 2482 possit
911 2396 1112 2463 tanta
1151 2394 1494 2462 contentio
1525 2394 1753 2481 gravi-

551 2507 554 2512 ’
645 2501 821 2569 tatis
868 2504 940 2569 et
982 2498 1416 2590 ponderum.“

822 2680 1146 2767 Sequitur
1209 2680 1779 2766 Recognitionnm
1847 2681 2051 2768 caput
2118 2680 2235 2760 22,
2307 2676 2515 2766 quod,
2585 2679 2665 2743 ut
2734 2697 2942 2764 supra

649 2783 935 2867 ostendi,
983 2785 1163 2852 haud
1207 2783 1407 2851 dubie
1456 2806 1538 2851 ex
1571 2782 1900 2851 Cleanthe
1946 2782 2059 2851 vel
2101 2784 2329 2872 potius
2366 2780 2714 2851 Posidonii
2757 2779 2933 2847 libro

647 2889 869 2956 fluxit.

824 2994 1083 3062 Deinde
1127 2996 1380 3062 transit
1425 2998 1664 3061 auctor
1712 2994 1800 3061 ad
1844 2994 2175 3075 sublimia,
2240 2992 2367 3061 hoc
2424 2998 2531 3061 est
2576 2997 2817 3061 ventos
2866 2996 2939 3060 et

646 3100 894 3166 imbres
941 3100 1019 3183 (c.
1067 3100 1198 3183 23),
1246 3120 1416 3186 quae
1462 3106 1620 3185 post
1663 3099 1789 3165 illa
1834 3100 2157 3166 caelestia
2202 3100 2284 3185 (c.
2321 3098 2433 3185 22)
2478 3102 2550 3164 et
2594 3102 2755 3166 ante
2799 3102 2939 3165 ter-

551 3225 556 3231 ·
648 3224 844 3285 rena,
914 3225 1084 3290 quae
1151 3206 1558 3289 sequuntur,
1630 3203 1955 3290 optimum
2016 3202 2233 3269 locum
2296 3201 2625 3270 obtinent.
2718 3202 2939 3291 Atqui

650 3306 903 3389 Cicero,
955 3307 1069 3393 qui
1115 3307 1380 3374 omnino
1427 3308 1499 3373 in
1544 3306 1958 3395 dispon‘endo
1990 3330 2125 3373 non
2155 3308 2350 3373 nimis
2399 3311 2508 3375 est
2552 3307 2935 3395 religiosu8‚

651 3434 796 3479 eam
841 3416 1106 3500 partem
1151 3411 1258 3479 hic
1302 3411 1571 3500 quidem
1615 3435 1753 3479 non
1797 3412 2103 3483 servavit
2134 3412 2243 3497 (cf.
2275 3412 2461 3481 infra
2492 3414 2530 3497 ἓ
2564 3413 2735 3499 101).
2806 3412 2940 3480 Sed

647 3516 908 3601 statim,
971 3516 1089 3583 ubi
1146 3516 1228 3583 de
1296 3516 1589 3584 terrenis
1658 3517 1923 3603 agitur,
1990 3517 2149 3584 inde
2215 3540 2257 3585 a
2323 3519 2547 3605 capite
2594 3519 2698 3583 24.
2746 3516 2938 3584 nobis

649 3618 988 3690 succurrit
1032 3623 1377 3689 Romanus
1454 3643 1718 3710 quoque
1781 3622 2095 3709 scriptor.
2188 3622 2513 3691 Conferas
2536 3674 2551 3705 ‚
2624 3619 2935 3708 quemad-

647 3728 915 3796 modum
959 3730 1246 3814 uterque
1292 3728 1530 3794 auctor
1570 3726 1896 3814 loquatur
1940 3725 2024 3793 de
2070 3731 2291 3794 terra:

1070 3935 1324 4003 Cicero.
2271 3934 2435 4001 Rec.

736 4062 773 4145 ἓ
812 4061 898 4126 98
945 4059 1191 4145 (terra)
1244 4058 1539 4143 „vestita
1566 4058 1751 4125 flori·
1827 4080 1834 4085 ·
1932 4080 1986 4126 c.
2034 4057 2149 4124 33³
2194 4056 2293 4143 [re
2340 4074 2503 4122 vera
2528 4074 2581 4117 c.
2616 4050 2717 4115 25.
2781 4044 2937 4114 vide

648 4167 773 4232 bus
835 4164 1058 4230 herbis
1124 4163 1482 4230 arboribus
1529 4161 1750 4249 frugi·
1840 4183 2047 4251 supra
2096 4184 2161 4247 p.
2196 4158 2280 4244 7].
2356 4156 2581 4240 „Haec
2633 4153 2938 4221 testatur

649 4271 792 4353 bus,
858 4291 1143 4361 quorum
1203 4269 1494 4351 omnium
1537 4268 1753 4336 incre·
1844 4271 1917 4335 et
1978 4265 2295 4331 arborum
2341 4258 2643 4328 varietas
2697 4257 2940 4326 herba-
