3357 5110
1387 481 1489 499 ,-
1575 443 1838 507 41-

463 639 598 684 non
641 615 1058 704 putaverim3
1130 614 1428 714 fortasse
1487 621 1959 704 argumentum
2006 594 2416 706 simillimum
2480 641 2565 685 ex
2606 618 2754 685 rhe-

463 725 687 788 torum
734 719 978 786 scholis
1022 720 1317 806 petitum
1360 724 1467 788 est
1485 721 1535 807 ¹)
1578 759 1668 770 —-

639 824 1074 912 Quantopere
1140 823 1281 890 illis
1344 826 1761 913 temporibus
1826 827 2101 908 fabulae
2160 827 2619 895 Romanenses
2683 827 2756 892 in

343 955 348 957 ·
465 928 722 997 deliciis
784 927 1079 1010 fuerint,
1149 929 1280 1016 ipsi
1343 932 1842 997 retractatores
1912 930 2280 1014 „historiae
2344 931 2748 998 Clementis“
2814 928 2822 936 ’

463 1035 726 1101 docent.
827 1031 1282 1100 Homiliarum
1348 1035 1774 1121 anaguorisis
1843 1035 2089 1102 Fausti
2155 1036 2461 1123 quamvis
2530 1035 2756 1122 negle-

463 1141 708 1226 genter
753 1137 1012 1226 scripta
1072 1137 1275 1225 plena
1320 1141 1428 1205 est
1489 1138 1929 1206 artificiorum
1976 1139 2409 1208 Graecorum.
2501 1140 2754 1206 Petrus

461 1243 795 1310 Faustum
837 1242 974 1308 iam
1018 1242 1267 1311 dudum
1299 1246 1648 1310 mortuum
1696 1267 1839 1311 esse
1875 1245 2181 1329 nuntiat;
2232 1245 2473 1311 statim
2513 1243 2755 1311 deinde

464 1345 760 1415 Faustus
806 1348 952 1434 ipse
997 1348 1194 1414 vivus
1239 1347 1612 1414 cubiculum
1653 1349 1893 1416 intrat.
1988 1349 2187 1416 Talia
2240 1349 2530 1416 artificia
2574 1348 2756 1436 apud

461 1453 799 1520 Achillem
844 1451 1121 1519 Tatium
1168 1475 1426 1519 omnem
1469 1453 1739 1520 modum
1794 1457 2177 1537 transeunt,
2242 1478 2391 1521 cum
2438 1454 2753 1540 Clitopho

261 1587 286 1605 ·-
361 1615 367 1620 .
458 1557 700 1645 procul
754 1557 1160 1646 Leucippam
1223 1579 1266 1624 a
1326 1559 1570 1646 piratis
1635 1559 2004 1626 sacrificari
2062 1559 2250 1627 videt
2312 1560 2754 1646 necopinatus

460 1685 608 1729 eam
654 1684 798 1729 esse
842 1661 1147 1729 fraudem
1195 1662 1662 1730 stultissimam
1707 1664 1794 1751 (p.
1834 1666 2166 1753 101sqq.).
2214 1703 2300 1712 —
2343 1664 2551 1752 Apud
2596 1687 2755 1731 eun-

459 1767 610 1833 dem
644 1765 1094 1833 Homiliarum
1139 1775 1479 1834 auctorem
1511 1767 1692 1834 haud
1738 1791 1894 1835 raro
1935 1769 2277 1856 monologi
2322 1769 2753 1836 adhibentur.
2792 1793 2799 1800 ·

465 1872 844 1940 Subditicia
906 1871 1032 1938 illa
1095 1873 1168 1938 in
1235 1873 1628 1961 anagnorisi
1683 1873 2006 1941 Mattidia
2069 1878 2357 1963 propter
2402 1874 2756 1941 -Faustum

463 1975 847 2044 monodiam
881 1977 1096 2044 canit.
1189 1977 1356 2044 οὔπω
1404 1981 1471 2043 δὲ
1513 1991 1626 2066 τῆς
1672 1991 1815 2065 μιᾶς
1858 1979 1930 2063 (3)
1977 1984 2206 2068 ταυτης
2254 1978 2559 2066 ὀλολυγῆς
2601 2002 2755 2043 παυ-

467 2089 757 2170 σαμένης,
803 2080 932 2148 ἰδοὺ
977 2087 1084 2148 καὶ
1130 2081 1164 2148 ὁ
1194 2090 1384 2169 γέρων
1417 2083 1630 2170 εἰσῄει.
1728 2082 2058 2151 Similiter
2088 2083 2437 2172 Leukippe
2466 2082 2539 2148 in
2576 2083 2756 2149 cubi-

466 2187 614 2253 culo
661 2185 847 2253 canit
893 2186 1078 2274 Οἴμοι
1121 2186 1476 2273 Κλειτοφῶν
1521 2189 1723 2272 (τοῦτο
1767 2193 1883 2274 γὰρ
1930 2190 2104 2271 ἔλεγε
2149 2191 2452 2264 πολλάκις
2472 2188 2515 2274 1)
2582 2187 2752 2254 Aah.

457 2291 611 2358 Tat.
663 2291 900 2372 167‚21.
947 2327 1034 2340 --
1079 2291 1160 2356 In
1228 2291 1459 2358 eadem
1521 2292 1915 2378 anagnorisi
1968 2293 2265 2360 Faustus
2329 2315 2541 2359 uxore
2604 2315 2753 2359 con-

460 2399 691 2484 specta
735 2395 904 2462 dicit
952 2396 1137 2483 Οἴμοι
1180 2402 1234 2461 τί
1280 2399 1458 2462 θέλει
1502 2407 1678 2462 τοῦτο
1728 2397 1913 2476 εἶναι;
1981 2405 2115 2463 τίνα
2162 2397 2285 2484 ὁρῶ
2333 2397 2431 2483 (ιδ
2475 2396 2619 2484 92³).
2667 2435 2752 2446 ——
2855 2400 2863 2413 “

461 2503 543 2569 In
594 2502 726 2569 fine
757 2501 1205 2570 Homih'arum
1251 2503 1358 2587 (ab
1422 2502 1654 2569 eodem
1699 2505 1975 2570 auctore
2022 2502 2282 2589 addito)
2325 2502 2621 2570 Faustus
2671 2500 2751 2571 de

459 2608 633 2679 facie
693 2612 960 2675 mutata
1023 2608 1335 2692 queritur
1384 2608 1570 2695 Οῗμοι
1629 2608 1662 2673 ὀ
1732 2612 1945 2685 τάλας,
2012 2614 2204 2696 μάγον
2268 2606 2447 2674 αὐτὸν
2513 2608 2753 2674 ἀκοὺων

459 2712 748 2801 ἠπίστουν
797 2712 830 2778 ὁ
877 2715 1298 2797 ταλαίπωρος·
1365 2718 1520 2798 πρὸς
1567 2720 1710 2800 μίαν
1757 2713 1993 2801 ἡμέραν
2050 2712 2455 2796 ἐπιγνωσθεὶς
2518 2718 2751 2800 συμβίῳ

465 2822 574 2882 ’καὶ
633 2824 863 2891 τέκνοις
925 2825 1169 2903 ταχέως
1225 2817 1324 2881 ἐπὶ
1381 2823 1487 2904 τὴν
1552 2824 1850 2903 προτέραν
1899 2830 2011 2904 τῆς
2059 2818 2310 2900 ἀγνοίας
2352 2818 2555 2906 ἦλθον
2601 2839 2751 2904 συμ-
2872 2884 2897 2909 ⁶

461 2928 653 3011 φοράν
700 2921 766 3007 (κ
810 2920 985 3005 15²³).

633 3026 896 3094 Contra
939 3024 1120 3113 apud
1156 3024 1672 3101 „christianum“
1711 3025 2053 3111 monologi
2082 3025 2217 3091 nisi
2246 3025 2445 3093 initio
2476 3025 2751 3093 fabulae

457 3154 592 3198 non
652 3130 1114 3198 inveniuntur.
1228 3129 1533 3196 Clemens
1597 3130 1794 3197 dicit:
1867 3130 2112 3218 ἐμαυτῷ
2201 3130 2487 3218 ὡμίλησα
2557 3133 2750 3214 λέγων

461 3236 536 3302 Τί
582 3236 815 3311 ἄλλους
861 3241 1178 3325 μέμφομαι
1222 3233 1285 3299 ἐν
1332 3246 1416 3319 τῷ
1464 3232 1630 3320 αὐτῷ
1675 3247 1788 3323 τῆς
1835 3235 2133 3322 ἀμελείας
2177 3232 2467 3322 ὑπάρχων
2527 3234 2752 3322 ἐγκλή-

464 3364 634 3428 ματι;
683 3340 826 3406 ἀλλ’
874 3340 962 3415 εἰς
1001 3340 1301 3405 Ἰουδαίαν
1345 3338 1617 3426 ὁρμήσω,
1666 3348 1953 3426 πρότερον
1997 3346 2098 3407 τὸν
2146 3340 2578 3427 ἐμὸνδιαθεὶς
2624 3346 2751 3425 βίον

456 3446 523 3531 (α
569 3444 715 3533 8²⁹).
808 3443 988 3525 Quin
1051 3444 1256 3510 etiam
1317 3443 1486 3510 alias
1548 3466 1877 3531 personas
1940 3444 2245 3510 Clemens
2307 3443 2537 3510 eodem
2600 3443 2747 3526 loco

455 3549 808 3637 loquentes
853 3547 1085 3636 fingit;
1155 3570 1360 3635 aegre
1422 3548 1562 3615 fert
1624 3548 1957 3615 neminem
2016 3547 2391 3614 exclamare
2436 3547 2546 3623 Εἰς
2592 3548 2748 3613 Ἰου-

459 3657 635 3720 δαίαν
702 3658 1098 3741 πορευσομαι,
1160 3652 1260 3718 ἵνα
1323 3652 1435 3717 ἰ’ὃω
1503 3651 1555 3717 εί
1620 3652 1807 3718 ταῦθ’
1854 3651 2044 3727 οὗτος
2073 3655 2265 3736 λέγων
2313 3653 2617 3739 ἀληθευει
2660 3676 2745 3701 -ὲ

455 3798 540 3809 -
587 3760 655 3846 (α
705 3757 846 3841 7²³).
940 3757 1398 3825 Alexandriae
1444 3757 1879 3845 philosophos
1913 3758 2311 3846 vituperans
2355 3758 2561 3844 fingit
2607 3757 2746 3823 dia-

455 3865 702 3950 logum,
769 3887 961 3951 quem
1007 3865 1169 3931 deus
1217 3887 1366 3932 cum
1409 3863 1695 3931 nefastis
1745 3863 1883 3930 illis
1929 3856 2349 3952 philosophis
2389 3863 2745 3930 habiturus

459 3972 597 4035 est:
647 3968 722 4035 Τί
767 3968 890 4054 ἄρα
936 3968 1063 4054 ἐρεῖ
1107 3966 1270 4056 υμῶν
1315 3974 1382 4035 τὸ
1430 3968 1752 4055 ἑλληνικὸν
1797 3971 2067 4055 πλῆθος,
2128 3968 2296 4055 εἴπερ
2344 3970 2509 4033 ἔσται
2550 3974 2748 4053 κρίσις

636 4204 688 4275 1)
727 4205 879 4259 Inter
913 4205 1196 4259 Iamblichi
1235 4205 1601 4274 fragmentum
1642 4212 1697 4258 et
1720 4205 1837 4271 .iuS,
1881 4204 2027 4273 quod
2052 4205 2349 4261 Bocchoris
2388 4223 2487 4261 rex
2508 4207 2745 4275 Aegypti

453 4292 686 4363 dicebat,
726 4295 994 4349 rationem
1030 4294 1371 4349 intercedere
1410 4295 1607 4351 statuit
1647 4293 1895 4349 Rohdius
1934 4295 2032 4348 1.1.
2070 4312 2122 4363 p.
2166 4299 2287 4363 397,
2307 4311 2345 4349 1.
