3357 5110
1539 373 1974 438 ...24-

783 547 973 628 Quae
1018 569 1167 613 cum
1213 546 1316 612 ita
1363 546 1518 626 sint,
1583 567 1803 612 nonne
1849 548 1956 612 est
1998 545 2150 612 veri
2198 545 2481 612 similius
2527 555 2663 613 11011
2705 546 2902 614 modo

605 651 1006 720 calumniam
1067 650 1176 736 (de
1239 671 1372 738 qua
1435 672 1625 716 nemo
1692 649 2021 736 dubitat),
2092 649 2209 716 sed
2271 650 2487 738 ipsam
2548 673 2903 738 personam

605 758 852 826 fratris
895 755 1131 822 mariti
1175 777 1218 822 a
1266 755 1718 840 „christiano“
1772 778 1916 822 esse
1961 755 2313 822 additam?
2358 794 2445 804 —

782 861 1220 949 Relinquitur
1264 861 1515 941 altera,
1588 880 1790 946 quam
1850 859 2246 942 statuimuS,
2313 860 2559 929 versio,
2672 861 2905 929 Antea

609 966 753 1034 dixi
797 965 1186 1032 Mattidiam
1253 963 1522 1051 „aliqua
1568 963 1652 1030 de
1697 967 1939 1031 ·causa“
2008 963 2465 1050 emigravisse.
2568 965 2902 1034 Ponamus

607 1094 753 1139 eam
799 1071 1190 1164 finxisse
1253 1069 1427 1135 illud
1491 1069 1836 1136 somnium.
1927 1069 2169 1136 Nonne
2214 1069 2455 1137 mirum
2503 1073 2627 1153 331,
2704 1071 2900 1158 quod,

609 1177 670 1244 si
715 1198 914 1264 quam
959 1197 1231 1243 causam
1283 1175 1662 1260 emigrandi
1725 1172 1875 1260 ipsa
1936 1173 2203 1262 quidem
2266 1173 2513 1258 habet,
2578 1199 2716 1242 non
2760 1177 2905 1244 sola

607 1281 918 1368 emigrat,
983 1278 1184 1348 sede
1228 1278 1451 1346 tribus
1503 1279 1729 1364 pueris
1785 1278 1951 1344 duos
1997 1279 2126 1345 sibi
2169 1283 2458 1367 usurpat
2504 1284 2575 1347 et
2619 1282 2903 1369 tertium

608 1387 798 1473 patri
841 1375 1216 1471 relinquit?
1304 1383 1524 1470 Atqui
1567 1386 1769 1469 pater
1816 1374 2168 1452 est'valde
2224 1387 2578 1472 φιλότεκνος
2623 1386 2718 1472 (ιβ
2764 1386 2899 1472 9³⁰).

609 1491 939 1556 Ceterum
974 1489 1034 1554 si
1077 1488 1400 1555 Mattidia
1443 1487 1666 1554 nihilo
1702 1488 1921 1554 minus
1966 1488 2297 1554 somnium
2340 1489 2558 1572 finxit,
2603 1513 2688 1556 re
2736 1513 2904 1558 vera

607 1595 810 1662 aliam
857 1615 1124 1661 causam
1170 1593 1490 1660 habuerit
1537 1597 1835 1681 oportet.
1926 1593 2112 1659 Haec
2153 1581 2292 1664 alia
2336 1615 2539 1660 causa
2582 1616 2625 1661 3
2670 1595 2905 1662 fabula

606 1691 749 1765 11011
789 1698 1286 1786 suppeditatur,
1348 1721 1495 1766 cum
1539 1720 1836 1766 amorem
1881 1697 2123 1764 fratris
2150 1744 2158 1750 κ
2186 1694 2550 1785 genuinum
2596 1722 2743 1766 esse
2789 1722 2902 1767 ne·

605 1803 1016 1890 gaverimus'.
1105 1802 1252 1868 Iam
1297 1825 1460 1870 vero
1525 1825 1644 1870 cur
1705 1824 1976 1870 necesse
2030 1805 2137 1868 est
2182 1806 2493 1890 putemus
2540 1825 2684 1870 eam
2732 1828 2903 1872 som-

603 1909 790 1974 nium
835 1907 1162 1974 finxisse?
1253 1907 1469 1974 Multo
1517 1907 1757 1974 melius
1822 1906 2055 1974 fabula
2116 1907 2444 1995 procedit,
2510 1909 2568 1974 si
2614 1900 2690 1976 re
2735 1932 2905 1977 vera

605 2012 932 2081 Mattidia
999 2025 1144 2079 cu'm
1213 2013 1468 2080 duobus
1536 2013 1699 2078 filiis
1778 2013 2114 2099 emigrare
2192 2012 2444 2079 somnio
2518 2013 2700 2080 iussa
2763 2019 2899 2082 est.

606 2117 1000 2184 Artificium
1060 2117 1540 2184 lucidissimum
1618 2117 2265 2203 comprehendimus:
2345 2119 2642 2185 auctoris
2717 2118 2900 2186 1111113

562 2253 567 2262 ·
604 2222 899 2290 fabellae
947 2223 1287 2290 intererat
1331 2223 1714 2290 describere
1760 2223 2224 2307 ἀναγνωρίσειςς
2284 2222 2343 2288 31
2386 2223 2709 2291 Mattidia
2752 2248 2899 2291 cum

566 2329 868 2394 *duobus
915 2327 1074 2394 filiis
1123 2328 1442 2414 emigrat,
1520 2331 1761 2395 auctor
1821 2327 2182 2414 naufragio
2242 2327 2448 2394 etiam
2499 2332 2783 2396 matrem
2830 2339 2900 2398 et

605 2433 782 2500 filios
832 2455 1152 2521 separare
1196 2435 1460 2520 potest,
1529 2436 1609 2499 ut
1669 2437 1815 2498 tres
1874 2433 2372 2519 recognitiones
2417 2434 2569 2500 fieri
2614 2435 2897 2522 possint.

603 2539 944 2607 Persimili
1005 2538 1087 2606 de
1152 2561 1354 2605 causa
1417 2541 1624 2625 atque
1673 2542 1779 2605 est
1826 2538 2152 2605 somnium
2195 2537 2575 2621 Mattidiae,
2640 2540 2899 2607 fabula-

605 2648 794 2711 tores
843 2647 1110 2711 actores
1160 2666 1313 2711 suos
1363 2644 1557 2710 domo
1603 2644 2106 2730 proficiscentes
2142 2643 2423 2728 faciunt,
2472 2668 2621 2711 cum
2668 2668 2897 2713 oracu-

613 2751 752 2817 lum
795 2748 1254 2832 introducunt,
1302 2748 1481 2835 quod
1527 2771 1640 2815 eos
1688 2749 1824 2816 iter
1866 2748 2096 2815 facere
2139 2748 2347 2816 iubet.

781 2854 915 2922 Suo
962 2854 1108 2922 iure
1154 2854 1692 2940 interrogaverit
1737 2854 2100 2942 quispiam,
2166 2877 2286 2921 cur
2346 2858 2585 2921 auctor
2652 2856 2899 2939 „histo-

608 2961 754 3028 riae
801 2960 1207 3028 Clementis“
1271 2959 1460 3025 illam
1523 2959 1823 3026 fabulam
1886 2960 2281 3027 mutaverit.
2372 2959 2697 3027 Fortasse
2743 2962 2922 3048 quia.

609 3089 734 3153 pro
785 3065 1160 3131 christiana
1202 3064 1470 3131 ratione
1515 3064 1783 3130 veritus
1832 3067 1939 3131 est
1983 3063 2364 3131 describere
2394 3066 2781 3131 Mattidiam
2825 3088 2898 3131 re

605 3192 772 3237 vera
842 3190 1256 3255 paganorum
1329 3167 1793 3234 fabulatorum
1860 3168 2125 3234 ratione
2189 3169 2441 3235 somnio
2518 3177 2663 3234 cum
2737 3168 2896 3234 filiis

605 3275 941 3360 emigrare
1017 3274 1269 3339 iussam
1351 3295 1517 3339 esse.
1638 3272 1834 3339 Alias
1897 3272 2146 3340 idcirco
2213 3296 2443 3340 causas
2506 3274 2896 3360 quaerebat,

607 3402 728 3446 nec
775 3378 1036 3462 mirum,
1088 3378 1264 3467 quod
1293 3378 1364 3443 in
1409 3377 1874 3464 gratissimum
1903 3378 2137 3445 uxoris
2170 3380 2253 3445 ab
2288 3379 2599 3445 adultero
2632 3382 2898 3445 amatae

605 3490 676 3551 et
724 3486 960 3571 postea
1004 3482 1179 3549 male
1226 3487 1582 3549 accusatae
1642 3486 2111 3568 argumentum
2165 3482 2420 3548 incidit.
2512 3481 2663 3564 Qua
2706 3484 2777 3548 in
2823 3505 2897 3548 re

602 3589 850 3656 accidit
897 3626 978 3636 -
1026 3587 1154 3653 1100
1197 3588 1350 3654 fieri
1395 3588 1568 3654 solet
1613 3626 1698 3675 ε-
1746 3591 1826 3653 111
1869 3610 2002 3653 11011
2046 3588 2239 3654 1110ᾶο
2293 3587 2535 3653 fratris
2582 3609 2894 3669 amorem,
2954 3612 2965 3615 ·

601 3695 720 3781 (1111
767 3694 994 3780 311(1113
1042 3715 1125 3759 ex
1169 3696 1367 3779 parte
1413 3700 1616 3781 aptus
1665 3715 1809 3759 3333
1854 3692 2101 3779 potuit,
2150 3692 2267 3759 sed
2314 3694 2519 3759 etiam
2566 3691 2896 3759 molestis·

604 3798 844 3865 simam
892 3798 1286 3864 calumniam
1331 3796 1719 3885 inopinatus
1767 3800 2214 3864 mutuaretur.

724 3976 726 3979 ,
777 3902 1162 3989 Utrumque
1207 3907 1696 3989 argumentum,
1746 3924 2036 3969 amorem
2082 3905 2152 3968 et
2198 3901 2595 3968 calumniam
2633 3900 2892 3983 fratriS,

608 4009 1132 4094 „christianum“
1192 4008 1371 4095 apud
1414 4009 1637 4075 1133010
1686 4030 1879 4095 quem
1930 4011 2277 4073 auctorem
2326 4007 2752 4073 coniunctum
2796 4007 2893 4072 in-

602 4114 869 4181 venisse
915 4114 1066 4180 veri
1112 4113 1521 4180 simillimum
1567 4116 1695 4180 est.
2633 4124 2643 4135 '

775 4219 1275 4306 Recuperamus
1321 4218 1538 4303 igitur
1583 4218 1709 4283 hoc
1756 4216 1901 4283 fere
1944 4216 2238 4283 fabellae
2284 4222 2795 4303 argumentum:
