3357 5110
1573 431 2007 498 ...14-

731 607 911 696 quod
952 607 1069 694 (sc.
1117 605 1394 694 animal)
1455 629 1602 673 cum
1667 629 1751 673 ex
1926 627 1980 672 c.
2024 604 2159 673 25⁵.
2256 604 2390 690 „Et
2436 604 2608 672 mira
2654 605 2943 692 quadam

573 741 579 747 ·
638 720 841 779 utero
889 712 1188 800 elapsum
1231 709 1501 793 excidit,
1569 710 1642 776 in
1685 709 1744 777 is
1836 708 2338 798 dispensatione
2468 708 2943 796 providentiae

641 817 1120 898 animantibus,
1139 835 1320 903 -quae
1345 813 1528 882 lacte
1557 813 1749 882 alun-
1838 814 2188 882 nascituro
2234 803 2463 902 pecori
2506 813 2615 883 lac
2656 836 2941 904 praepa-

641 930 778 1005 tur‚
811 922 1024 990 omnis
1057 921 1204 988 fere
1235 921 1420 989 cibus
1451 927 1747 987 matrum
1838 922 2040 987 ratur
2084 918 2157 985 in
2202 919 2543 1004 uberibuS,
2589 944 2666 988 ac
2704 922 2942 990 statim

641 1027 1014 1096 lactescere
1037 1023 1298 1114 incipit,
1323 1045 1551 1114 eaque,
1573 1041 1747 1113 quae
1833 1027 1916 1091 ut
1972 1024 2206 1092 natum
2266 1025 2511 1108 fuerit,
2578 1027 2765 1094 nullo
2826 1027 2941 1094 (lo-

641 1131 844 1220 paulo
907 1135 1070 1200 ante
1130 1137 1300 1198 nata
1361 1127 1540 1212 sunt,
1603 1128 1749 1196 sine
1811 1133 2033 1197 cente
2064 1129 2211 1212 scit,
2245 1130 2361 1196 ubi
2392 1130 2746 1200 alimoniae
2779 1152 2941 1200 suae

644 1237 976 1324 magistro
1021 1237 1189 1304 duce
1241 1237 1495 1302 natura
1543 1253 1749 1301 mam·
1837 1233 2089 1302 horrea
2132 1234 2503 1322 requirat.“

643 1333 786 1408 mas
813 1342 1149 1430 adpetunt
1173 1360 1535 1428 earumque
1552 1339 1749 1407 uber-

645 1449 798 1514 tate
843 1449 1263 1515 saturantur.
1623 1497 1629 1508 .

731 1550 964 1639 Atque
1009 1554 1090 1619 ut
1131 1551 1608 1640 intellegamus
1641 1549 1745 1616 ni·
1921 1571 1973 1615 c.
2022 1550 2156 1616 25⁹.
2210 1549 2382 1634 „Sed
2413 1573 2518 1633 ne,
2564 1554 2645 1618 ut
2689 1553 2940 1638 putant

644 1660 744 1726 hil
787 1659 1024 1727 horum
1069 1681 1214 1728 esse
1267 1659 1633 1726 fortuitum
1680 1661 1753 1726 et
1839 1658 2159 1741 homines,
2202 1658 2601 1727 viderentur
2630 1658 2795 1726 haec
2823 1681 2941 1726 na·

644 1763 811 1830 haec
855 1765 1075 1854 omnia
1133 1785 1280 1830 esse
1341 1784 1549 1852 opera
1593 1785 1744 1851 pro-
1834 1771 2037 1832 turae
2054 1763 2103 1850 ¹)
2146 1763 2434 1851 quodam
2454 1761 2687 1831 ordine
2711 1767 2783 1830 et
2804 1784 2941 1830 non

643 1867 842 1940 vidae
889 1867 1322 1956 sollertisque
1373 1863 1700 1936 naturae:
1836 1867 2343 1956 dispensatione
2362 1868 2515 1934 fieri
2538 1867 2912 1936 conditoris
2923 1893 2945 1934 :-

731 1995 904 2062 quae
933 1973 1341 2062 multiplices
1371 1973 1556 2040 fetus
1593 1996 1746 2062 pro-
1922 2011 2009 2021 —
2043 2007 2125 2020 --
2153 1977 2423 2041 mutato
2452 1973 2687 2042 ordine
2726 1989 2941 2061 genus

643 2083 898 2162 creant,
960 2086 1040 2145 ut
1057 2105 1066 2120 f
1086 2100 1236 2146 sues
1284 2085 1365 2145 ut
1411 2100 1628 2162 canes,
1692 2077 1751 2147 is
1842 2099 2117 2146 servare
2172 2077 2377 2145 iussit
2422 2079 2542 2164 (sa.
2584 2077 2941 2168 providen-

644 2199 1082 2250 mammarum
1126 2183 1290 2251 data
1352 2187 1463 2251 est
1522 2183 1751 2250 multi·
1840 2183 1973 2268 tia)
2000 2183 2071 2248 in
2101 2182 2311 2250 terris
2338 2215 2429 2232 —-·
2456 2185 2579 2232 —“
2632 2185 2942 2272 [sequun-

643 2286 848 2371 tudo;
926 2308 1092 2374 quas
1139 2287 1438 2356 ‘easdem
1497 2308 1749 2376 paucas
1839 2291 1961 2354 tur
1987 2286 2257 2358 diversa
2286 2287 2781 2375 procreationis
2826 2307 2942 2373 gee

643 2391 901 2461 habent
989 2413 1110 2460 eae
1209 2393 1470 2460 bes-tiae
1571 2415 1746 2480 quae
1832 2413 2015 2476 nera,
2050 2413 2423 2475 corvorum,
2471 2391 2934 2476 mustelarum3

645 2518 862 2586 pauca
903 2497 1258 2586 gignunt.“
1834 2496 1991 2566 vide
2039 2507 2245 2585 supra
2291 2521 2355 2587 p.
2389 2497 2465 2565 11
2490 2497 2635 2587 sq.].

823 2644 988 2711 Cum
1050 2645 1124 2711 in
1183 2647 1532 2732 postremo
1596 2645 1900 2734 exemplo
1965 2644 2077 2734 (sc.
2125 2645 2197 2711 in
2246 2643 2721 2729 „rationabiffl
2788 2656 2943 2732 pro-

647 2748 1012 2816 creationis
1068 2749 1416 2817 varietate
1466 2748 1903 2838 illustranda)
1961 2751 2254 2838 primum
2315 2746 2584 2838 quidem
2639 2750 2823 2817 inter
2871 2772 2945 2817 se

646 2852 1096 2939 consentiant,
1141 2854 1214 2921 in
1258 2853 1410 2944 ipsa
1441 2855 1881 2923 conclusione
1926 2846 2261 2923 differunt
2306 2859 2621 2923 auctores
2641 2853 2711 2942 ²).

819 2974 1194 3065 Postquam
1257 2977 1438 3063 apud
1505 2977 1893 3045 Ciceronem
1962 2980 2000 3061 ἓ
2048 2979 2176 3043 130
2244 2999 2484 3065 parum
2559 2980 2721 3062 apto
2795 2976 2943 3044 loco

648 3078 922 3146 flumina
969 3080 1312 3167 descripta
1359 3084 1520 3147 sunt
1549 3080 1658 3166 (Ν
1693 3081 1855 3147 Rec.
1887 3080 2067 3147 VIII
2098 3081 2232 3160 24),
2281 3078 2557 3144 tandem
2600 3080 2945 3145 transitur

651 3183 738 3251 ad
781 3183 1001 3271 ipsum
1052 3184 1472 3251 hominem
1529 3184 1593 3269 (ἓ
1646 3184 1815 3269 134).
1908 3182 2233 3263 Quaestio
2298 3180 2590 3269 primum
2652 3186 2759 3249 est
2819 3184 2947 3250 tri-

835 3396 888 3464 1)
923 3391 1090 3462 Apud
1142 3392 1568 3463 „christianum“
1623 3393 1843 3463 (contra
1888 3391 2126 3461 Stoicos)
2182 3393 2446 3463 „natura“
2502 3390 2757 3449 videlicet
2794 3404 2949 3452 caret

651 3483 883 3537 ratione.
2300 3532 2307 3539 .

831 3574 889 3641 2)
925 3570 1382 3639 Recognitionnm
1421 3569 1695 3637 capitibus
1733 3573 1804 3626 26
1842 3577 1900 3625 et
1936 3574 2004 3624 27
2060 3570 2201 3625 mira
2251 3568 2584 3628 describitur
2619 3574 2701 3629 vis
2738 3580 2947 3645 aquae:

653 3661 702 3717 si
737 3660 861 3729 quis
899 3662 956 3713 in
993 3659 1106 3713 olla
1141 3664 1327 3712 terrae
1363 3658 1531 3727 plena
1567 3658 1777 3713 semina
1814 3666 1981 3728 serat,
2020 3662 2224 3717 herbas
2259 3662 2345 3717 vel
2383 3662 2601 3732 similia,
2642 3681 2783 3734 quae
2821 3665 2948 3721 inde

652 3754 970 3815 nascantur,
1009 3763 1219 3802 omnem
1257 3748 1507 3817 accipere
1543 3746 1651 3802 vim
1689 3766 1799 3804 non
1837 3766 1905 3805 ex
1933 3756 2103 3819 terra,
2141 3748 2240 3806 sed
2290 3762 2531 3821 ex'aqua
2565 3746 2768 3820 infusa,
2808 3770 2949 3821 quae

653 3839 849 3892 mirum
896 3836 954 3889 in
991 3836 1209 3891 modum
1255 3843 1610 3896 consumatur
1665 3840 1733 3910 (c.
1774 3841 1910 3909 27⁸).
1986 3840 2055 3895 cf.
2096 3841 2293 3895 Sextus
2334 3842 2392 3895 P.
2420 3842 2489 3897 H.
2524 3842 2551 3895 1
2590 3847 2620 3908 S
2658 3846 2727 3897 53
2776 3842 2947 3912 ὥσπερ

658 3927 718 3979 τὸ
759 3924 897 3997 ὕδωρ
937 3925 988 3979 ἕν
1025 3926 1111 3979 καὶ
1149 3927 1400 3996 μονοειδὲς
1435 3928 1791 4001 ἀναδιδόμενον
1847 3931 1918 3990 εἰς
1952 3934 2017 3985 τὰ
2050 3930 2227 4003 δένδρα
2268 3930 2393 3985 ὅπου
2432 3934 2522 4001 μὲν
2558 3933 2743 4001 γίνεται
2774 3928 2947 4001 φλοιὸς

657 4015 786 4069 ὅπου
823 4014 876 4069 δὲ
911 4016 1096 4075 κλάδος
1135 4015 1260 4070 ὅπου
1299 4017 1350 4070 δὲ
1389 4018 1581 4090 καρπὸς
1605 4020 1693 4073 καὶ
1716 4018 1816 4093 ἤδη
1846 4026 1999 4074 σῦκον
2024 4022 2111 4075 καὶ
2140 4020 2249 4093 ῥοιὰ
2273 4022 2489 4074 καὶτῶν
2514 4020 2682 4071 ἄλλων
2720 4018 2944 4069 ἕκαστον.

656 4105 943 4160 Putaverit
996 4106 1267 4175 quispiam
1321 4108 1426 4161 hoc
1465 4123 1674 4178 'sapere
1729 4108 2041 4179 Hipponem
2078 4110 2385 4177 Rheginum
2436 4106 2529 4175 (de
2582 4118 2689 4171 quo
2726 4102 2907 4157 Zeller
2924 4102 2947 4135 ⁵

655 4194 681 4247 1
713 4198 740 4247 1
779 4211 832 4263 p.
859 4196 1005 4265 255).
1063 4226 1130 4237 —-
1189 4195 1364 4264 Quam
1419 4203 1580 4266 grata
1635 4198 1891 4269 (propter
1947 4199 2276 4266 baptismum
2294 4197 2331 4265 1)
2392 4192 2756 4262 „christiano“
2815 4190 2943 4246 talis

658 4299 838 4352 aquae
875 4283 1216 4353 praedicatio
1253 4284 1442 4361 fuerit,
1481 4285 1642 4342 docet
1675 4287 1807 4341 libri
1841 4286 1920 4341 VI
1958 4302 2077 4355 cap.
2104 4289 2176 4339 9⁹.
