3357 5110
1542 431 1977 497 -40—

593 631 682 675 ne
760 609 834 676 in
906 607 1157 673 fabulis
1235 606 1501 694 quidem
1577 605 1991 674 Graecorum
2072 604 2317 673 desunt
2406 610 2808 692 argumenta
2825 607 2893 692 1).
3016 601 3023 608 ’

595 712 1006 800 Apollonius
1075 711 1427 778 Tharsiam
1487 710 1700 776 filiam
1767 699 2293 798 Stranguillioni
2359 711 2634 799 eiusque
2699 713 2897 777 uxori

596 816 1011 884 educandam
1057 814 1247 883 dedit
1293 819 1363 882 et
1410 814 1554 903 ipse
1601 815 1809 899 abiit;
1882 815 1999 882 sed
2058 815 2166 880 illi
2228 837 2375 882 eam
2427 838 2550 903 per
2593 816 2896 882 villicum

596 921 930 1010 quendam
1001 921 1380 986 interficere
1449 919 1917 1005 'constituunt;
2000 942 2077 986 re
2151 942 2317 987 vera
2388 920 2667 988 interim
2752 921 2891 988 illis

596 1026 866 1113 ignaris.
903 1024 1190 1091 Tharsia
1255 1047 1296 1090 a
1364 1023 1608 1111 piratis
1653 1027 1861 1113 rapta
1905 1027 2043 1107 est;
2114 1024 2657 1112 quattuordecim
2697 1025 2892 1091 annis

597 1134 753 1217 post
799 1129 1202 1217 Apollonius
1249 1129 1448 1212 redit,
1493 1132 1575 1194 ut
1619 1128 1834 1196 filiam
1874 1129 1948 1194 in
1990 1129 2490 1195 matrimonium
2534 1129 2685 1214 det3
2756 1153 2893 1196 see-

595 1236 775 1302 lesta
819 1232 1060 1302 mulier
1105 1234 1169 1300 ei
1213 1232 1578 1321 respondet
1633 1232 1867 1318 „erede
1912 1234 2122 1315 nobis,
2188 1234 2395 1321 quia‚·
2430 1233 2490 1300 si
2543 1235 2906 1319 genesis!

595 1338 1184 1426 permisisset,
1235 1339 1414 1405 siout
1460 1337 1623 1404 haee
1672 1337 1894 1404 omnia
1938 1337 2171 1404 damus
2220 1339 2333 1423 (sc.
2383 1342 2777 1405 ornamenta
2822 1343 2892 1405 et

595 1443 863 1529 vestes),
934 1442 1036 1508 ita
1101 1447 1172 1509 et
1235 1443 1446 1508 filiam
1490 1443 1620 1509 tibi
1665 1441 2186 1509 reddidissemus
2252 1444 2339 1528 (p.
2389 1442 2518 1530 78).
2564 1481 2651 1490 —-
2698 1443 2895 1510 Cala-

597 1549 750 1616 siris
785 1547 1105 1626 Cnemoni
1148 1551 1408 1630 narrat,
1455 1551 1817 1636 postquam
1859 1570 2032 1615 uxor
2075 1551 2343 1614 mortua
2389 1550 2586 1631 esset,
2634 1547 2891 1614 duobus

595 1653 872 1721 relictis·
907 1654 980 1720 in
1024 1653 1254 1719 liberis
1303 1675 1374 1719 se
1421 1653 1747 1720 solacium
1790 1653 2159 1737 invenisse;
2209 1651 2278 1718 οί)
2324 1655 2577 1727 πολλοῖς
2608 1655 2676 1718 δὲ
2720 1651 2889 1722 ὔστε-

600 1783 703 1843 ρον
778 1759 964 1824 ἔτεσιν
1026 1755 1315 1843 οὐρανίων
1395 1765 1739 1847 φωστήρων
1808 1756 2145 1845 εἱμαρμένη
2211 1760 2504 1844 περίοδος,
2549 1764 2751 1844 τρέπει
2816 1763 2891 1823 τὰ
2972 1773 2977 1778 ’

597 1863 755 1929 ’καθ’
804 1863 972 1952 ἡμᾶς
1017 1901 1121 1939 --,
1169 1867 1274 1950 τὴν
1323 1862 1421 1928 ἐπὶ
1465 1867 1532 1927 τὸ
1579 1873 1791 1950 χεῖρον
1844 1901 1929 1910 —
1959 1883 2045 1910 —·-
2101 1865 2446 1950 μεταβολὴν
2495 1900 2578 1910 -
2622 1901 2707 1913 --
2756 1862 2893 1950 ἐμοὶ

601 1974 784 2058 σοφία
833 1973 939 2054 μὲν
987 1974 1312 2057 προὲφηνε,
1362 1969 1683 2052 διαδρᾶναι
1731 1969 1797 2032 δὲ
1844 1966 1956 2033 οὐκ
2003 1969 2199 2033 ἔδωκε
2246 1968 2479 2052 (etiam
2524 1967 2689 2034 duos
2734 1967 2889 2033 illos

593 2072 842 2140 liberos
891 2095 1041 2139 eum
1085 2071 1404 2156 amittere
1448 2095 1722 2140 necesse
1768 2077 1951 2156 erat;
1998 2072 2151 2140 Hel.
2200 2074 2304 2155 63,
2326 2073 2471 2158 28)“.

769 2177 924 2243 Non
969 2177 1288 2244 audacius
1336 2178 1552 2264 igitur
1594 2177 1760 2242 mihi
1805 2177 2041 2244 videor
2078 2178 2401 2244 statuisse
2447 2177 2891 2264 astrologiam

589 2282 660 2346 in
707 2281 961 2348 fabella
1007 2282 1418 2368 singularem
1460 2274 1683 2348 locum
1728 2281 2115 2364 obtinuisse.

765 2388 869 2454 De
941 2391 1339 2474 argumento
1417 2391 1644 2454 autem
1722 2388 2015 2454 fabellae
2083 2389 2363 2455 afferam
2428 2387 2902 2474 fragmentum=

591 2492 948 2559 Iamblichi
985 2493 1703 2579 „Babyloniacorum“,
1753 2492 1931 2581 quod
1959 2493 2598 2577 Heroherusedidit
2630 2491 2881 2579 (Herm.

547 2594 550 2597 ⁴
591 2597 630 2662 Ι
661 2598 849 2681 363):
905 2600 1204 2685 δεσπότης
1240 2600 1468 2688 ,δοῦλοο
1516 2610 1853 2685 κατηγορεῖ
1899 2599 1996 2665 ἐπὶ
2042 2606 2288 2687 μοιχείᾳ
2316 2612 2445 2687 ’τῆς
2492 2598 2727 2673 οἰκείας
2770 2622 2884 2681 γα-
2928 2664 2935 2669 ,

591 2714 784 2795 μετῆς
831 2701 1294 2791 ἐξηγησαμένης
1352 2701 1436 2776 ὣς
1494 2704 1642 2789 ὄναρ
1709 2707 1897 2789 τοὺτῳ
1944 2704 2006 2769 ἐν
2052 2717 2135 2789 τῷ
2181 2716 2293 2791 τῆς
2355 2704 2693 2794 ἀφροδίτης
2740 2701 2881 2789 ἱερῷ

591 2807 792 2895 ἐμίγη.
884 2806 1130 2874 Mulier
1174 2808 1391 2893 igitur
1438 2808 1767 2896 quaedam
1811 2807 2056 2876 marito
2102 2813 2344 2875 narrat
2406 2809 2747 2889 somnium,
2812 2808 2885 2873 in

589 2936 720 3001 quo
757 2932 808 2980 'a
835 2935 1028 2979 servo
1060 2914 1341 3000 proprio
1390 2917 1711 3001 stuprata
1756 2920 1879 2981 est.
1972 2914 2203 2981 Etiam
2249 2914 2318 2979 in
2364 2913 2637 2995 fabella,
2686 2934 2884 3001 quam

589 3017 1037 3099 restituimus,
1086 3042 1256 3084 uxor
1298 3019 1545 3085 marito
1598 3019 1923 3085 somnium
1966 3019 2199 3103 (aliter
2227 3018 2493 3106 quidem
2538 3039 2882 3105 compara·
3016 3102 3023 3111 .

587 3123 760 3209 tum)
807 3126 1066 3188 narrat.
1159 3124 1464 3209 Uterque
1529 3124 1815 3190 maritus
1881 3125 2211 3211 comperit
2272 3146 2546 3190 uxorem
2601 3146 2642 3189 a
2688 3144 2881 3190 servo

589 3228 864 3314 proprio
901 3229 1281 3313 stupratam
1313 3249 1475 3309 esse,
1512 3228 1693 3294 alter
1724 3250 1808 3294 ex
1839 3229 2112 3311 somnio,
2147 3218 2328 3294 alter
2354 3251 2437 3295 ex
2467 3227 2879 3315 horoscopio.

588 3331 792 3419 Apud
841 3330 1282 3397 Iamblichum
1342 3353 1478 3397 non
1524 3335 1630 3397 est
1676 3354 1915 3401 verum
1960 3336 2287 3420 stuprum,
2350 3332 2469 3399 sed
2510 3334 2582 3398 in
2629 3333 2881 3399 somnio

592 3437 868 3503 factum.
963 3436 1066 3502 Ne
1127 3436 1201 3501 in
1245 3433 1502 3503 fabella
1550 3436 1819 3525 quidem
1870 3440 2182 3525 stuprum
2245 3460 2323 3505 re
2385 3459 2553 3505 vera
2614 3435 2880 3517 accidit,

588 3541 893 3630 quamvis
927 3540 1323 3629 horoscopio
1355 3540 1745 3608 indicatum.
1838 3537 2145 3629 Uterque
2174 3546 2404 3609 autem
2435 3543 2717 3609 maritus
2760 3542 2882 3607 ali-

589 3646 749 3735 quid
771 3648 988 3712 inesse
1010 3650 1232 3733 putat,
1260 3646 1439 3713 alter
1458 3654 1732 3713 servum
1754 3654 2045 3724 accusat,
2073 3648 2253 3714 alter
2272 3648 2493 3714 salute
2517 3647 2884 3735 desperata

588 3752 659 3817 in
705 3751 946 3818 alienis
991 3752 1200 3818 terris
1248 3756 1584 3819 versatur.
1686 3753 1873 3835 Quae
1920 3752 2189 3820 diversa
2234 3757 2409 3835 sunt,
2478 3751 2668 3819 velut
2714 3745 2881 3819 tem·
2976 3758 2984 3765 '

586 3857 772 3943 plum
837 3856 1152 3939 Veneris,
1226 3856 1486 3923 omitto.
1602 3857 2117 3940 Fabulatorem‚
2188 3881 2318 3945 quo
2387 3857 2877 3939 „christianus“

587 3960 831 4043 utitur,
883 3964 954 4027 et
984 3960 1425 4027 Iamblichum
1457 3962 1691 4028 eadem
1720 3962 1870 4029 fere
1902 3966 2133 4029 aetate
2174 3962 2426 4029 vixisse
2470 3963 2617 4030 veri
2665 3961 2881 4030 simile

586 4074 693 4131 est
724 4066 845 4151 (oa.
880 4086 1087 4130 annos
1123 4065 1509 4155 150—225).
1581 4065 2086 4163 ⁸Fabulatorem
2115 4090 2157 4133 a
2187 4066 2555 4134 Iamblicho
2589 4067 2881 4155 pendere

767 4284 815 4349 1)
856 4282 910 4336 o.
950 4282 1040 4335 Fr.
1082 4284 1220 4351 Boll,
1260 4283 1454 4339 Philol.
1496 4282 1673 4336 LXVI
1718 4300 1769 4352 p.
1816 4288 1935 4339 1ss.
