3357 5110
1538 439 1967 504 „36-

609 617 876 683 fabulas
922 616 1378 683 Romanenses
1425 611 1827 680 intercedat.
1919 611 2189 678 Primus
2229 610 2537 678 Rohdius
2585 613 2913 700 composi-

574 722 866 788 tionem
925 719 1198 787 fabulae
1267 741 1408 785 esse
1454 717 1788 786 Graecam
1844 716 2239 784 observavit
2257 716 2317 801 1).
2409 715 2739 783 Nostrum
2802 720 2913 784 est
3024 713 3035 719 ’

614 847 966 912 exponere,
1029 827 1276 903 utrum,
1339 843 1511 910 quae
1557 821 1640 888 de
1695 821 2023 911 „historia
2068 820 2475 889 Clementis“
2527 821 2910 890 lucubravi-

617 953 781 1013 mus,
831 929 1151 1017 exemplis
1199 927 1483 996 Graecis
1531 927 1969 1015 comprobare
2014 925 2364 1013 possimus

787 1034 870 1100 In
914 1033 1169 1100 fabella
1212 1032 1508 1118 pristina
1552 1030 1877 1098 Mattidia
1920 1053 2069 1096 cum
2111 1030 2273 1097 filiis
2336 1031 2671 1117 emigrare
2738 1053 2910 1098 som-

616 1139 728 1205 nio
774 1138 1064 1225 quodam
1107 1137 1402 1204 iubetur.
1495 1136 1642 1202 Hoc
1673 1135 2040 1202 absurdum
2071 1157 2216 1202 esse
2249 1135 2545 1228 videtur,
2595 1136 2910 1224 quoniam

615 1243 966 1311 consilium
1009 1264 1146 1308 non
1189 1239 1668 1327 intellegimus.
1762 1239 1897 1306 Sed
1953 1239 2267 1308 similiter
2310 1239 2717 1328 Apollonius
2766 1240 2909 1328 Ty-

615 1349 778 1430 rius,
826 1351 1202 1437 postquam·
1215 1345 1594 1432 Mytilenae
1626 1345 1980 1412 Tharsiam
2010 1345 2216 1410 filiam
2253 1346 2443 1414 forte
2488 1347 2907 1433 recognovit,

617 1452 870 1518 somnio
917 1451 1212 1533 iubetur,
1261 1473 1394 1517 non
1439 1450 1704 1518 domum
1748 1450 1994 1532 redire,
2042 1450 2159 1517 sed
2191 1451 2529 1538 Ephesum
2557 1452 2904 1538 navigare.

617 1557 810 1639 Quod
855 1557 973 1623 ubi
1015 1555 1214 1636 fecit,
1271 1557 1459 1621 'miro
1524 1577 1685 1623 casu
1749 1577 2030 1622 uxorem
2087 1555 2224 1621 iam
2276 1555 2525 1623 dudum
2568 1560 2911 1624 mortuam

614 1664 926 1749 putatam
989 1661 1061 1726 in
1121 1660 1247 1727 illa
1309 1663 1473 1726 urbe
1536 1660 1961 1747 recognoscit
1980 1661 2047 1744 ²).
2141 1659 2457 1748 Ceterum
2517 1660 2591 1727 in
2632 1660 2909 1728 'fabella

615 1765 962 1847 somnium,
1027 1769 1106 1832 ut
1155 1765 1315 1846 dixi,
1381 1765 1558 1832 idem
1601 1765 1794 1858 valet
1837 1773 2043 1851 atque
2106 1764 2400 1848 oracula,
2461 1787 2633 1852 quae
2701 1789 2756 1832 e.
2802 1790 2908 1852 gr.

613 1870 1082 1952 Habrocomen
1125 1877 1197 1936 et
1241 1869 1569 1936 Anthiam
1617 1891 1860 1935 navem
1902 1868 2263 1936 ascendere
2312 1872 2385 1935 et
2431 1870 2763 1956 emigrare
2807 1871 2906 1936 iu-

613 1977 795 2056 bent,
847 1998 973 2062 quo
1023 1975 1287 2041 omnino
1333 1974 1484 2040 fieri
1528 1976 1781 2061 potest,
1845 1976 1927 2039 ut
1972 1973 2151 2040 alter
2199 1977 2281 2040 ab
2329 1975 2553 2041 altera
2599 1996 2906 2042 secerna-

613 2087 731 2147 tur
753 2079 820 2166 3).
913 2080 1168 2147 Eodem
1216 2102 1360 2146 cum
1386 2158 1401 2165 -
1423 2079 1717 2147 artificio
1766 2078 2105 2161 Mattidia‚
2170 2083 2251 2145 ut
2316 2101 2359 2145 a
2419 2079 2579 2146 filiis
2646 2081 2907 2147 secerni

610 2187 846 2272 possit,
894 2207 1042 2252 cum
1087 2185 1224 2251 illis
1274 2185 1602 2270 emigrare
1647 2183 1901 2258 somnio
1946 2184 2236 2251 iubetur.

785 2289 969 2356 Illud
1014 2290 1339 2358 somnium
1383 2289 1714 2377 quomodo
1766 2288 2255 2371 „christianus“
2292 2290 2685 2372 mutaverit,
2734 2291 2907 2357 satis

613 2395 873 2461 scimus.
967 2393 1100 2480 Sed
1163 2394 1368 2462 etiam
1429 2397 1577 2461 tum
1623 2417 1658 2460 e
1706 2393 1956 2460 fabulis
2004 2393 2303 2484 Graecis
2349 2394 2599 2462 hausit.
2693 2395 2908 2463 Nemo

612 2500 902 2583 dubitat,
951 2499 1112 2587 quin
1158 2521 1346 2568 amor
1389 2499 1633 2567 fratris
1677 2498 1911 2592 mariti
1953 2499 2025 2567 in
2071 2499 2328 2568 deliciis
2368 2499 2600 2568 fuerit.
2694 2500 2906 2583 Quem

611 2607 773 2692 quin
840 2605 1047 2673 etiam
1111 2605 1184 2671 in
1243 2605 1843 2672 declamationibus
1906 2604 2257 2671 rhetorum
2326 2605 2733 2687 invenimus,
2802 2606 2909 2671 ita

612 2711 878 2802 quidem
924 2714 1006 2777 ut
1048 2712 1337 2777 maritus
1383 2732 1462 2803 re
1502 2732 1666 2776 vera
1711 2732 1992 2776 uxorem
2036 2711 2248 2802 fratri
2293 2710 2491 2777 cedat
2509 2710 2578 2797 ⁴).
2669 2711 2903 2779 Matti-

615 2817 728 2905 dia
773 2817 953 2903 apud
1003 2815 1524 2899 „christianum“
1574 2818 1656 2881 ob
1706 2816 2096 2909 castitatem
2134 2815 2533 2907 servandam
2579 2808 2903 2903 emigrat;

609 2920 788 3009 apud
832 2920 1272 2988 Heliodorum
1318 2920 1642 2987 Calasiris
1690 2942 1895 2987 senex
1928 2921 2249 2987 Cnemoni
2292 2924 2538 2987 narrat
2583 2944 2653 2987 se
2700 2924 2909 2987 antea

608 3024 994 3111 pontificem
1039 3025 1232 3092 domo
1299 3026 1698 3117 emigrasse,
1771 3048 1856 3118 ne
1917 3025 2225 3092 incensus
2271 3024 2695 3112 Rhodopidis
2756 3025 2907 3113 pul-

609 3128 979 3196 cherrimae
1054 3130 1269 3196 amori
1342 3128 1736 3216 indulgeret
1755 3128 1823 3214 ⁵).
1908 3166 1983 3178 —
2064 3130 2197 3196 Ρο1
2272 3152 2575 3197 errorem
2660 3134 2906 3197 narrat

616 3232 1103 3317 „christianus“
1174 3233 1468 3299 fratrem
1531 3233 1710 3320 apud
1772 3234 2090 3299 maritum
2133 3206 2522 3302 Mattidiain
2580 3235 2905 3301 adulterii

610 3333 1051 3406 accusavisse
1132 3337 1610 3407 Gratissimum
1642 3319 1749 3405 est
1778 3342 2280 3425 argumentum.
2330 3339 2603 3407 adulter
2643 3344 2902 3407 castam

793 3580 845 3643 1)
885 3577 949 3630 E.
992 3575 1201 3644 Rohde,
1241 3576 1341 3631 der
1379 3578 1584 3645 griech.
1624 3578 1835 3633 Roman
1853 3581 1889 3633 ².
1964 3579 2150 3647 Leipz.
2196 3582 2348 3646 1900,
2387 3596 2440 3647 p.
2479 3581 2664 3645 507,1.

789 3665 845 3735 2)
884 3682 938 3733 p.
983 3669 1083 3719 105
1121 3666 1299 3720 Riese.
1375 3667 1438 3719 In
1483 3666 1658 3721 latina
1716 3666 1935 3734 quidem
1988 3669 2240 3722 versione
2296 3676 2381 3722 est
2439 3668 2730 3736 „“angelus
2740 3709 2753 3735 ,
2812 3666 2905 3733 qui

611 3754 818 3808 somnio
857 3755 1118 3821 loquitur.
1194 3756 1380 3809 Etiam
1435 3763 1630 3810 auctor
1690 3736 2017 3827 „historiae“
2076 3758 2133 3810 in
2191 3758 2311 3827 ipso
2369 3758 2576 3811 somnio
2622 3754 2905 3811 offendens

608 3844 860 3897 mutavit.

793 3932 851 4000 3)
887 3932 1137 4000 Xenoph.
1177 3933 1382 4001 EpheS.
1423 3938 1545 3998 335,
1563 3949 1626 3988 16.
1707 3934 1969 4003 Hercher,
2011 3937 2221 3990 Erotici
2260 3938 2559 4005 scriptores
2599 3939 2811 4003 Graeci.

788 4024 846 4089 4)
886 4021 1110 4087 Quintil.
1150 4020 1287 4076 decl.
1327 4027 1428 4077 291
1491 4024 1630 4092 „Qui
1685 4023 1821 4079 duos
1858 4024 2000 4079 filios
2040 4026 2280 4080 habebat
2316 4027 2412 4080 uni
2473 4042 2699 4081 uxorem
2736 4026 2903 4082 dedit.

604 4110 785 4164 altero
825 4117 1149 4197 aegrotante
1193 4142 1260 4153 -
1297 4143 1364 4153 —
1403 4118 1503 4182 (et)
1543 4113 1798 4167 confesso
1838 4116 2012 4168 amari
2048 4131 2082 4169 a
2122 4131 2180 4169 se
2214 4114 2407 4202 fratris
2445 4133 2687 4183 uxorem,
2729 4116 2908 4170 frater

603 4206 836 4267 petente
873 4188 1036 4267 patre
1074 4202 1254 4273 cessit.
1261 4202 1292 4231 “
1333 4231 1401 4243 —
1439 4234 1509 4243 --

799 4292 856 4357 5)
899 4288 1112 4372 Heliod.
1151 4308 1203 4358 p.
1245 4294 1330 4358 64,
1349 4306 1375 4343 3
1410 4292 1645 4346 Bekker.
