3357 5110
1387 397 1642 517 ...29
1732 488 1817 501 „-

441 625 816 694 revertitur
838 625 1162 706 Romam,
1226 627 1307 690 ut
1369 647 1501 690 uno
1565 624 1708 691 filio
1756 624 2103 692 Clemente
2158 626 2477 692 fruatur?
2562 628 2736 695 Post

442 731 876 818 anagnorisin
922 729 1217 796 Faustus
1280 730 1426 818 ipse
1489 733 1729 795 narrat
1776 728 1865 794 Οἰ)
1909 735 2025 816 γὰρ
2074 729 2387 819 ἠδυνάμην
2432 737 2569 818 περὶ
2614 746 2733 799 τῶν

440 835 576 923 ἐμοὶ
621 835 1030 924 ἠγαπημὲνων
1077 833 1188 920 (sc.
1237 833 1321 900 de
1353 833 1675 900 Mattidia
1708 837 1801 906 et-
1824 834 2080 900 duobus
2126 834 2311 922 filiis)
2358 841 2431 901 τὰ
2477 844 2735 924 μέγιστα

439 940 526 1016 ὡς
571 945 709 1026 περὶ
753 945 1066 1006 θανόντων
1113 945 1348 1025 κρίνας,
1414 944 1568 1025 πρὸς
1611 945 1741 1027 ,τὴν
1786 950 1892 1006 τοῦ
1947 945 2079 1024 βίου
2110 947 2369 1032 -τροφὴν
2434 943 2545 1029 (sc.
2594 943 2731 1010 Ro-

439 1047 638 1128 mam)
703 1044 915 1110 ἑαυτὸν
980 1042 1331 1110 ἀποδιδόναι
1355 1043 1421 1130 ¹).
1519 1044 1733 1112 Pater
1792 1048 2065 1112 tantum
2126 1045 2210 1112 de
2272 1046 2598 1114 Mattidia
2661 1051 2735 1114 et

439 1151 694 1218 duobus
738 1149 898 1216 filiis
945 1150 1242 1236 cogitat;
1312 1149 1600 1218 tertium
1662 1149 1879 1216 filium
1941 1152 2205 1218 omnino
2270 1151 2523 1219 oblitus
2588 1176 2734 1221 esse

438 1255 730 1324 videtur.

610 1361 687 1430 Si
751 1359 874 1428 has
946 1361 1434 1450 discrepantias
1455 1414 1470 1445 ,
1540 1383 1713 1450 quae
1780 1361 1983 1428 facile
2050 1363 2287 1448 augeri
2358 1367 2639 1450 possunt
2658 1362 2729 1448 ²),

435 1467 777 1536 nobiscum
820 1470 1228 1555 reputamuS,
1277 1466 1713 1534 statuendum
1756 1469 1879 1548 est,
1946 1467 2250 1554 quamvis
2295 1471 2535 1536 auctor
2580 1467 2731 1536 Cle-

435 1579 727 1644 mentem
771 1575 1111 1643 artissime
1153 1599 1302 1642 cum
1344 1576 1512 1642 fatis
1551 1574 1739 1642 illius
1783 1573 2084 1641 familiae
2132 1576 2538 1664 coniungere
2583 1580 2728 1644 stu-

437 1679 628 1764 deat,
699 1685 928 1748 tamen
989 1682 1273 1749 tertium
1331 1681 1528 1746 illum
1588 1680 1803 1746 filium
1864 1702 2115 1748 meram
2178 1703 2322 1747 esse
2366 1681 2725 1766 fictionem,

435 1807 568 1874 qua
613 1787 886 1853 sublata
926 1786 1182 1853 fabella
1224 1786 1522 1874 pristina
1566 1786 1781 1852 multo
1828 1785 2097 1852 facilius
2142 1785 2468 1873 procedit.
2517 1825 2600 1836 --

607 1891 887 1958 Nicetas
949 1896 1019 1958 et
1079 1891 1368 1980 Aquila,
1438 1912 1612 1980 quae
1677 1891 1807 1957 sibi
1871 1895 2027 1978 post
2089 1895 2493 1958 nocturnum
2551 1891 2726 1958 illud

433 1995 864 2083 naufragium
928 1996 1330 2080 acciderint,
1405 1997 1612 2063 matri
1677 1999 1834 2084 post
1894 1997 2333 2083 anagnorisin
2402 1999 2722 2066 narrant:

434 2122 607 2168 nave
653 2102 859 2168 scissa
901 2104 1174 2189 piratas
1233 2124 1325 2168 se‘
1367 2125 1608 2191 pueros
1655 2101 1997 2188 excepisse
2042 2102 2115 2167 et
2174 2101 2248 2166 in
2292 2101 2513 2168 forum
2560 2101 2723 2168 Cae-

436 2197 671 2274 sareae
717 2206 1066 2274 Stratonis
1112 2207 1420 2291 traxisse,
1485 2210 1845 2295 postquam
1888 2206 2159 2272 nomina
2210 2205 2601 2291 „Faustini“
2652 2211 2741 2274 et'

439 2311 944 2396 „Faustiniani“
995 2313 1476 2396 mutavissent;
1526 2298 1875 2378 mulierem
1912 2310 2247 2399 quandam
2292 2311 2601 2397 (Iustam)
2651 2333 2725 2377 se

367 2461 374 2464 -
431 2420 684 2486 emisse.
777 2419 962 2484 Haec
1027 2418 1250 2484 omnia
1311 2417 1399 2484 ad
1458 2417 1782 2486 fabellam
1844 2416 2272 2485 conveniunt.
2362 2417 2467 2488 De
2528 2415 2727 2483 Iusta

427 2524 753 2593 nonnulla
795 2526 1180 2606 narrantur,
1246 2545 1419 2612 quae
1479 2522 1614 2591 nisi
1675 2521 2085 2595 christianus
2132 2520 2379 2589 addere
2411 2545 2561 2589 non
2605 2543 2720 2611 po-

427 2631 568 2698 tuit
587 2630 657 2716 ³).
765 2630 996 2697 Etiam
1064 2652 1236 2718 quae
1305 2632 1709 2717 sequuntur,
1782 2628 1961 2695 haud
2032 2626 2231 2695 dubie
2298 2630 2382 2695 ab
2442 2630 2721 2695 auctore
2803 2662 2808 2667 ·

428 2736 664 2803 addita
710 2743 898 2803 sunt:
947 2735 1146 2801 Iusta
1175 2733 1492 2801 Nicetam
1535 2737 1608 2801 et
1647 2734 1969 2820 Aquilam
2015 2756 2161 2798 cum
2206 2731 2475 2799 Simone
2520 2751 2718 2819 mago

345 2916 350 2921 ⁸
427 2840 803 2908 educandos
852 2848 923 2907 et
969 2841 1271 2906 omnibus
1318 2840 1580 2907 artibus
1610 2838 2006 2904 liberalibus
2047 2835 2449 2930 erudiendos
2498 2839 2715 2902 curat.

427 2943 605 3029 Quid
649 2946 776 3013 hoc
817 2947 947 3013 sibi
991 2944 1182 3028 velit,
1232 2967 1315 3011 ex
1360 2942 1937 3031 disputationibus
1984 2944 2224 3028 postea
2269 2962 2416 3033 cum
2456 2940 2718 3007 Fausto

423 3051 676 3120 habitis
740 3050 1054 3137 intellegi
1113 3052 1384 3139 potest,
1449 3048 1565 3115 ubi
1607 3046 1857 3138 Niceta
1918 3054 1989 3113 et
2033 3045 2291 3133 Aquila
2358 3068 2507 3112 cum
2556 3068 2714 3113 sene

423 3158 811 3225 acutissime
843 3157 926 3223 de
954 3156 1188 3242 genesi
1219 3152 1654 3223 contendunt.
1709 3155 1731 3176 ⁶
1746 3152 1913 3219 Illas
1946 3154 2173 3218 autem
2214 3150 2715 3238 disputationes

424 3285 466 3329 a
513 3262 962 3347 „christiano“
1030 3260 1304 3329 aliunde
1366 3260 1646 3327 haustas
1712 3280 1860 3326 esse
1909 3258 2169 3324 scimus.
2264 3255 2454 3337 Quae
2497 3255 2718 3344 igitur

423 3368 754 3436 Faustino
831 3371 904 3435 et
969 3366 1410 3434 Faustiniano
1491 3364 1810 3452 (fabellae
1882 3362 2241 3451 pristinae)
2317 3383 2359 3427 a
2432 3360 2716 3427 muliere

426 3472 670 3559 emptis
718 3494 926 3560 usque
972 3471 1060 3538 ad
1102 3470 1536 3558 anagnorisin
1581 3468 1971 3551 acciderint,
2020 3466 2367 3533 nescimus.

610 3613 664 3682 1)
703 3612 760 3665 ιδ
803 3614 894 3667 10⁵
928 3613 1109 3669 Locus
1147 3628 1258 3665 non
1294 3611 1568 3665 invenitur
1603 3610 1713 3664 nisi
1748 3609 1803 3661 in
1824 3608 1998 3675 Hom,
2037 3605 2135 3662 sed
2168 3606 2476 3661 simillimae
2514 3620 2715 3668 causae

421 3699 630 3755 Fausto
667 3701 723 3755 in
763 3702 1062 3769 „historiast
1103 3699 1382 3755 afferenda
1420 3705 1594 3754 erant.
1704 3725 1711 3729 -
2042 3736 2057 3745 -

601 3791 658 3861 2)
695 3790 837 3845 Aliis
875 3790 944 3847 de
995 3792 1174 3845 causis
1225 3790 1335 3845 iam
1371 3789 1693 3845 Boussetius
1748 3786 2015 3843 conclusit
2054 3786 2383 3840 Clementem
2432 3800 2467 3838 a
2506 3783 2715 3839 fabella

421 3879 812 3933 secernendum
867 3896 988 3936 esse
1045 3879 1208 3950 („Die
1261 3876 1986 3946 Wiedererkennungsfabel
2022 3876 2105 3958 *in
2168 3874 2273 3929 den
2334 3871 2709 3942 pseudoklem.

422 3970 732 4027 Schriften“
773 4004 843 4015 —-
881 4004 949 4013 —
989 4003 1074 4041 —‚
1113 3972 1378 4028 Zeitschr.
1419 3970 1457 4024 f.
1499 3970 1550 4025 d.
1587 3963 1909 4025 neutestam.
1951 3966 2118 4022 Wiss.
2162 3968 2315 4034 1904,
2354 3982 2407 4034 p.
2452 3968 2515 4018 19
2532 3980 2612 4032 sq.

600 4064 656 4133 3)
696 4064 724 4134 β
769 4064 1026 4117 19—-2010
1074 4063 1238 4117 Justa
1277 4066 1362 4115 est
1397 4061 1691 4114 Cananaea
1725 4058 1841 4125 illa,
1896 4070 2037 4127 quae
2088 4072 2122 4110 a
2160 4056 2285 4108 Iesu
2335 4057 2535 4109 sanata
2584 4066 2710 4106 con-

420 4152 682 4221 vertitur3
732 4151 936 4206 idcirco
988 4167 1022 4205 a
1068 4152 1265 4205 marito
1301 4150 1596 4219 repudiata
1644 4149 1810 4203 filiam
1849 4147 2155 4201 Bereniken
2204 4143 2409 4197 Iudaeo
2448 4142 2582 4211 Tyri
2629 4141 2711 4193 in-

417 4242 574 4296 colae
621 4241 680 4295 in
732 4241 1134 4295 matrimonium
1184 4240 1310 4309 dat3
1363 4240 1555 4295 solacii
1606 4254 1775 4293 causa
1819 4236 1963 4291 duos·
2007 4236 2131 4290 illos
2182 4249 2385 4303 pueros
2440 4248 2474 4286 a
2510 4230 2711 4299 piratis

418 4332 550 4387 emit
587 4331 681 4401 (cf.
721 4331 993 4399 Lagarde,
1031 4332 1208 4399 praef.
1249 4351 1302 4402 p.
1345 4334 1449 4400 12).
