3357 5110
81 4947 120 5059 Pr..
73 4189 92 4892 -.›,9-—=--——u—----—a—=-·⁴-·

1896 370 1907 383 '
2049 383 2086 400 ,ο
2138 381 2156 398 ο
2243 381 2342 410 00,

1894 403 1908 418 ³
2034 412 2089 432 ι(
2142 418 2156 432 Ι
2296 409 2313 424 .

1907 434 1985 458 ‘e’
2066 431 2112 460 ¹·
2210 446 2221 454 -

1397 497 1482 504 ..-
1569 458 1656 523 43
1746 495 1832 505 .-

457 633 750 696 mentem
797 653 833 695 e
876 653 1123 716 genere
1157 619 1464 725 Caesaris
1495 634 1733 696 natum
1780 654 1921 699 esse
1968 632 2279 698 affirmat.
2369 631 2751 700 Postremo:

455 738 538 798 ut
597 734 760 801 fides
821 735 1040 801 totius
1106 734 1432 802 historiae
1495 739 1862 822 augeatur,
1935 736 2237 803 Clemens
2300 737 2445 824 ipse
2494 740 2751 818 narrat,

457 861 630 926 quae
722 838 871 905 sibi·
937 839 1325 907 acciderint.
1444 840 1680 907 Talem
1753 840 2137 908 fabularum
2212 842 2756 930 compositionem

458 942 960 1030 („Jchroman“)
1039 967 1081 1012 a
1149 944 1426 1012 Graecis
1502 946 1794 1033 petitam
1869 963 2010 1012 esse
2074 945 2385 1013 docemur
2450 947 2751 1035 exemplo

458 1048 731 1136 Apulei.
1048 1069 1052 1072 ·

632 1153 737 1219 Ea
783 1154 1004 1220 omnia
1050 1153 1107 1219 si
1175 1154 1521 1221 nobiscum
1586 1157 1996 1242 reputamUS,
2053 1155 2343 1222 historia
2390 1154 2757 1222 Clementis

461 1257 542 1324 de
587 1257 836 1324 fabulis
883 1259 1416 1326 Romanensibus
1464 1260 1580 1324 vix
1628 1260 1984 1348 quicquam
2040 1259 2201 1327 novi
2248 1259 2583 1347 docemur.
2673 1261 2757 1325 In

458 1385 660 1430 unam
706 1364 951 1430 saltem
981 1363 1461 1451 difficultatem
1491 1364 1866 1447 incidimus,
1917 1388 2065 1430 cum
2099 1365 2519 1432 fabulatores
2559 1358 2758 1430 mma

460 1471 861 1554 argumenta
919 1467 1055 1534 nisi
1116 1469 1449 1534 amatoria
1511 1471 1837 1534 tractent.
1944 1469 2432 1536 Vetustissima
2496 1491 2758 1557 quoque

462 1571 623 1638 Nini
669 1573 920 1653 fabula,
969 1595 1168 1660 quam
1215 1573 1295 1640 U.
1346 1572 1665 1640 Wilcken
1712 1572 1947 1654 edidit,
1997 1573 2323 1640 eiusmodi
2372 1573 2758 1640 fabularum

458 1676 532 1742 in
573 1699 845 1743 numero
893 1676 1204 1758 habetur,
1253 1676 1356 1744 ita
1400 1681 1482 1743 ut
1525 1677 1683 1744 inde
1728 1699 1769 1742 a
1812 1678 2026 1764 primo
2075 1699 2134 1744 a.
2176 1678 2248 1744 C.
2299 1678 2560 1744 saeculo
2608 1679 2760 1766 ipsa
2827 1761 2836 1767 ,

461 1805 570 1848 ars
616 1782 1053 1870 componendi
1098 1804 1338 1868 parum
1399 1786 1669 1849 mutata
1715 1782 2032 1848 videatur
2058 1783 2124 1868 ¹).
2184 1783 2315 1858 ,Eo
2375 1783 2591 1869 magis
2634 1783 2759 1848 mi-

388 1971 398 1977 *
459 1891 652 1954 retur
695 1887 1047 1975 quispiam,
1097 1887 1276 1974 quod
1319 1888 1609 1972 historia
1649 1887 2017 1954 Clementis
2064 1888 2421 1954 artissimis
2469 1888 2757 1954 vinculis

461 2016 608 2058 cum
670 1991 922 2058 fabulis
968 1993 1504 2059 Romanensibus
1569 1992 1927 2059 coniuncta
1983 2015 2118 2058 non
2162 1993 2567 2070 amantium,
2641 1991 2761 2059 sed

458 2097 759 2164 familiae
803 2096 955 2162 fata
998 2101 1387 2164 narrantur.
1477 2097 1667 2166 Haec
1712 2096 2171 2184 discrepantia
2228 2120 2365 2163 non
2407 2086 2755 2179 minuitur,

460 2224 632 2267 cum·
652 2201 975 2268 fabellam
1019 2223 1060 2268 a
1104 2201 1298 2268 nobis
1345 2202 1742 2270 restitutam
1790 2201 2301 2285 consideramuS‚
2363 2223 2496 2291 qua
2539 2206 2756 2288 pater,

460 2310 696 2388 mater,
760 2305 889 2372 duo
937 2306 1064 2372 filii
1109 2305 1220 2372 vel
1269 2307 1496 2393 potius
1557 2307 1809 2392 gemini
1872 2294 2187 2394 aequales
2243 2311 2474 2394 partes
2520 2310 2757 2393 agunt.

460 2412 609 2477 Iam
638 2411 1037 2479 Boussetius
1086 2415 1559 2498 argumentum
1605 2412 1806 2478 docte
1850 2411 2142 2478 contulit
2188 2435 2336 2478 cum
2380 2410 2757 2493 comoediis,

461 2517 576 2584 ubi
639 2515 822 2583 haud
885 2515 1082 2583 dubie
1147 2515 1322 2583 talia
1383 2515 1686 2583 familiae
1748 2517 1899 2583 fata
1961 2516 2325 2603 genuinum
2382 2516 2601 2583 locum
2647 2518 2758 2583 ob-

460 2622 706 2688 tinent.
774 2621 1001 2709 Ipsam
1035 2622 1475 2708 anagnorisin
1509 2644 1592 2689 ex
1622 2621 1965 2688 comoedia
1993 2622 2265 2687 fluxisse
2294 2625 2530 2687 notum
2555 2625 2660 2689 est
2679 2622 2755 2709 2);

459 2728 877 2812 geminorum
907 2750 1170 2814 quoque
1204 2730 1676 2812 argumentum
1704 2727 1863 2793 inde
1892 2726 2208 2792 haustum
2240 2735 2374 2809 est;
2414 2731 2757 2814 postremo

460 2830 634 2895 mira
701 2834 772 2895 et
839 2829 1176 2896 sollemnis
1245 2832 1457 2911 ratio,
1525 2851 1806 2916 quacum
1867 2830 2287 2915 anagnorisis
2351 2831 2423 2894 in
2480 2830 2756 2895 theatro

459 2932 726 3022 publice
772 2933 1280 3019 pronuntiatur,
1328 2934 1626 2999 fortasse
1670 2932 1830 3000 inde
1859 2933 2081 3019 petita
2114 2936 2237 2999 est.
2327 2933 2563 3020 Neque
2594 2957 2755 3001 vero

463 3039 792 3105 artiorem
837 3037 1171 3103 rationem
1215 3038 1397 3104 inter
1439 3038 1795 3105 historiam
1840 3037 2207 3107 Clementis
2264 3042 2335 3105 et
2382 3039 2756 3105 comoedias

461 3143 878 3211 intercedere
927 3134 1278 3230 quisquam
1324 3144 1630 3230 putabit;
1684 3166 1811 3230 quo
1857 3142 1956 3223 fit,
2003 3146 2085 3208 ut
2114 3142 2241 3210 hac
2271 3164 2533 3231 quoque
2579 3144 2650 3209 in
2684 3166 2758 3210 re

465 3247 892 3321 diiudicanda
955 3247 1280 3342 facillime
1342 3248 1431 3313 ad
1492 3248 1841 3314 rhetorum
1887 3246 2149 3314 scholas
2204 3248 2666 3337 confugiamus
2687 3246 2755 3334 3).

469 3507 620 3571 1896,
660 3520 712 3572 p.
757 3506 857 3555 145
876 3505 1036 3572 sqq),
1078 3504 1171 3571 qui
1209 3502 1430 3557 fabulas
1470 3504 1842 3557 Romanenses
1882 3519 1950 3556 ex
1986 3502 2233 3557 historiis
2271 3503 2639 3557 recentiorum
2677 3520 2758 3558 re-

463 3608 584 3645 rum
623 3594 952 3659 scriptorum
992 3599 1144 3646 ortas
1184 3608 1306 3646 esse
1343 3599 1518 3660 putat.

476 3415 608 3423 ——.-

650 3681 702 3749 1)
740 3682 804 3735 U.
842 3681 1113 3745 Wilcken,
1154 3682 1337 3735 Herm.
1365 3684 1452 3748 28,
1474 3696 1551 3735 161
1571 3698 1689 3748 sqq.
1767 3679 1835 3734 cf.
1863 3682 1929 3735 R.
1957 3682 2180 3748 Heinze,
2220 3681 2404 3734 Herm.
2432 3683 2518 3748 34,
2539 3694 2619 3734 494
2640 3698 2756 3748 sqq.
2843 3724 2851 3732 ,

465 3767 556 3839 (de
597 3770 897 3839 Petronio).

642 3860 700 3929 2)
740 3860 1136 3926 Antiquissima
1193 3860 1536 3927 anagnorisis
1596 3860 1751 3927 origo
1811 3860 1867 3912 in
1925 3859 2171 3928 Odyssea
2226 3860 2410 3928 posita
2466 3865 2565 3914 est.
2643 3859 2759 3914 Nec

466 3948 642 4000 minus
683 3948 856 4001 valuit
893 3948 949 4001 in
987 3947 1292 4016 tragoedia,
1349 3949 1615 4017 imprimis
1656 3947 1805 4016 apud
1842 3947 2180 4015 Euripidem,
2239 3950 2330 4015 qui
2383 3949 2485 4002 hac
2539 3949 2760 4015 potissi-

463 4052 608 4090 mum
646 4038 701 4090 in
738 4053 801 4090 re
853 4042 937 4090 est
989 4038 1145 4105 quasi
1202 4042 1364 4105 pater
1420 4038 1749 4092 comoediae.
1826 4037 1894 4092 cf.
1936 4037 2067 4105 Le0,
2126 4038 2306 4091 Plaut.
2345 4037 2757 4105 Forschungen.

464 4126 610 4181 Berl.
655 4128 842 4193 19122,
881 4143 934 4194 p.
979 4129 1078 4181 158
1097 4143 1214 4195 sqq.
1260 4130 1358 4180 197
1378 4143 1496 4195 sqq.
2252 4178 2259 4185 .

644 4217 701 4286 3)
740 4216 1061 4271 Boussetius
1118 4216 1406 4281 (Zeitschr.
1465 4216 1504 4270 f.
1557 4214 1608 4270 d.
1663 4221 1987 4270 neutestam.
2045 4216 2408 4283 Wissensch.)
2466 4216 2759 4285 pristinam

465 4304 744 4373 fabellam,
785 4322 894 4373 qua
935 4306 1330 4375 „christianus“
1373 4306 1564 4374 utitur,
1605 4306 1994 4373 Shakespearii
2034 4309 2089 4358 et
2128 4306 2312 4359 Plauti
2351 4304 2755 4361 comoediarum
