3357 5110
1573 391 1838 508 —x34
1926 483 2010 492 ..-

650 619 920 707 quidem
968 618 1256 685 servatis
1303 640 1434 684 non
1467 617 1801 697 discimuS,
1853 617 1964 683 sed
2003 639 2039 683 e
2072 615 2429 683 comoedia.
2522 615 2728 683 Iuvat
2772 617 2950 682 idem

562 805 568 814 .
655 729 1126 811 argumentum
1167 722 1702 792 Romanensibus
1751 745 2013 810 quoque
2064 721 2314 788 fabulis
2378 724 2950 802 tractatumesse

653 829 780 896 hac
825 829 1094 894 ratione
1142 828 1497 895 ostendere
1517 827 1584 912 1).
1634 865 1719 874 -
2383 852 2386 854 ·

832 933 1299 1020 Anagnorisin
1342 933 1584 999 Fausti
1627 933 1700 998 in
1746 931 2370 1018 RecognitionibuS,
2424 953 2558 998 non
2603 931 2675 998 in
2719 931 2948 998 Homi-

457 1029 462 1033 ’
565 1104 572 1109 ,
653 1038 768 1106 liis
837 1042 1024 1106 recte
1061 1038 1424 1105 ‘traditam
1491 1060 1640 1104 esse
1710 1037 1845 1103 alio
1911 1036 2059 1104 loco
2130 1037 2413 1104 ostendi.
2525 1035 2608 1102 In
2672 1035 2949 1104 theatro

658 1143 954 1210 Faustus
1001 1164 1044 1209 a
1087 1142 1246 1209 filiis
1295 1141 1825 1228 recognoscitur,
1890 1142 2141 1209 Petrus
2191 1141 2411 1208 omnia·
2455 1141 2608 1208 fata
2652 1140 2953 1208 familiae

657 1248 944 1314 verbosa-
991 1247 1298 1314 oratione
1343 1249 1614 1330 narrat,
1685 1249 2026 1334 postremo
2072 1247 2395 1314 Mattidia
2454 1247 2603 1334 ipsa
2656 1247 2954 1313 accurrit

658 1352 748 1419 ad
813 1353 1133 1418 maritum
1200 1352 1825 1437 recognoscendum.
1937 1351 2153 1434 Quam
2222 1351 2498 1438 egregie
2563 1351 2727 1418 haec
2793 1372 2951 1417 ana-

659 1457 956 1543 gnorisis
1002 1457 1374 1544 composita
1404 1457 1514 1539 sit,
1566 1452 1904 1544 exponere
1938 1457 2189 1524 studui.
2284 1456 2659 1538 Quaeritur
2704 1459 2947 1539 autem,

659 1571 893 1630 utrum
939 1561 1026 1628 ad
1091 1561 1412 1629 fabellam
1474 1562 1835 1629 referenda
1899 1562 1993 1628 sit
2034 1584 2261 1631 necne.
2354 1560 2545 1642 Quin·
2574 1561 2751 1629 ‘talis
2796 1584 2953 1628 ana-

662 1666 955 1752 gnorisis
1002 1666 1072 1732 in
1107 1667 1246 1738 ‚fine
1292 1666 1585 1734 fabellae
1631 1667 2055 1755 aptissimum
2098 1667 2315 1733 locum
2370 1666 2696 1748 obtineat,
2762 1689 2953 1732 nemo

663 1770 980 1839 dubitare
1025 1776 1271 1858 potest.
1364 1771 1681 1854 Faustus,
1732 1773 1846 1838 ubi
1876 1771 2164 1858 primum
2196 1771 2461 1838 audivit
2496 1793 2775 1837 uxorem
2820 1794 2956 1836 non

663 1876 857 1943 modo
922 1900 1056 1942 non
1125 1863 1231 1961 ,‚in
1295 1876 1485 1964 aquis
1552 1877 1981 1947 defunctam“
2049 1899 2193 1944 esse
2258 1876 2373 1942 sed
2436 1877 2650 1962 ipsam
2698 1876 2951 1955 adesse,

663 2003 785 2066 pro
833 1985 1023 2047 certo
1071 1982 1276 2048 habet
1320 1982 1513 2048 illum
1559 1981 1985 2068 astrologum
2032 2004 2173 2048 esse
2224 1982 2602 2047 mentitum.
2696 1980 2957 2047 Contra

665 2086 848 2173 apud
898 2085 1442 2171 „christianum“,
1507 2088 1811 2174 quamvis
1857 2087 2246 2154 Mattidiam
2310 2087 2547 2154 vivere
2594 2085 2954 2166 audiverit,

663 2191 956 2257 nondum
1023 2214 1147 2278 pro
1217 2195 1404 2281 certo
1473 2192 1743 2259 habere·
1787 2196 2021 2278 potest
2084 2191 2368 2258 fratrem
2435 2192 2958 2258 calumniantem

667 2286 815 2362 ess'e
859 2296 1238 2364 mentitum.
1329 2297 1477 2364 Hoc
1523 2298 1581 2362 si
1615 2301 2030 2383 reputamus»,
2079 2296 2567 2364 concedendum
2616 2299 2725 2363 est
2762 2285 2959 2363 'illam

668 2402 1102 2488 anagnorisin
1169 2402 1396 2490 aliqua
1461 2425 1544 2469 ex
1604 2407 1808 2490 parte
1870 2403 2206 2491 aptiorem
2255 2425 2431 2481 esse,
2504 2425 2673 2491 quae
2724 2402 2811 2468 ad
2856 2401 2959 2470 fa-

668 2507 913 2575 bellam
935 2506 1292 2596 pristinam
1324 2530 1522 2596 quam
1546 2507 1632 2575 ad
1661 2507 2057 2593 „historiam
2083 2507 2488 2575 Clementis“
2523 2508 2869 2575 referatur
2888 2505 2959 2593 2).

668 2613 976 2695 Accedit,
1041 2614 1218 2701 quod
1265 2637 1348 2680 ex
1392 2614 1618 2681 altera
1662 2614 2053 2701 anagno'risi
2100 2615 2267 2681 satis
2316 2614 2555 2691 scimus
2616 2613 2961 2700 ingenium

675 2717 1108 2801 „christiani“
1187 2718 1460 2786 minima
1530 2720 1865 2785 narrandi
1938 2719 2275 2787 facultate
2340 2718 2727 2806 praeditum
2795 2740 2961 2783 esse.

672 2822 930 2905 Quodsi
991 2823 1278 2909 primam
1341 2824 1781 2911 anagnorisin
1837 2825 2162 2911 gravibus
2223 2825 2306 2891 de
2353 2824 2571 2891 causis
2618 2824 2704 2889 ad
2748 2823 2963 2910 ipsam

670 2928 992 2999 fabellam
1056 2930 1482 3010 rettulimuS,
1555 2930 1843 2997 alteram
1908 2930 2342 3017 anagnorisin
2404 2951 2445 2995 a
2508 2927 2957 3013 „christiano“

669 3039 1018 3101 consutam
1064 3057 1214 3101 esse
1259 3034 1724 3120 cognovimus:
1794 3057 2013 3101 nonne
2078 3038 2184 3101 est
2229 3034 2375 3102 veri
2426 3034 2639 3099 simile
2684 3032 2964 3100 tertiam

670 3160 936 3226 quoque
999 3140 1433 3225 anagnorisin
1479 3140 1723 3206 Fausti
1788 3140 2067 3227 egregia
2128 3163 2276 3205 cum
2329 3143 2481 3206 arte
2526 3138 2965 3226 compositam

675 3243 806 3330 ipsi
851 3243 1145 3310 fabellae
1189 3244 1524 3331 pristinae
1570 3244 2043 3312 vindicandam
2088 3232 2282 3311 esse?
2326 3239 2443 3292 -”

846 3345 1170 3428 Quamvis
1217 3347 1334 3414 vix
1391 3348 1804 3416 lineamenta
1867 3348 2053 3415 illius
2115 3347 2410 3415 fabellae
2469 3368 2962 3434 cognoscamus,

675 3474 820 3519 eam
867 3454 970 3518 ita
1013 3451 1156 3517 fere
1200 3452 1456 3539 fingere
1501 3476 1885 3540 possumus:
1934 3453 2179 3521 nobilis
2228 3454 2497 3541 quidam
2532 3453 2639 3520 vir
2670 3454 2964 3519 Faustus
3033 3433 3046 3455 ’

677 3562 751 3625 et
794 3581 966 3624 uxor
1008 3558 1333 3625 Mattidia
1399 3582 1548 3626 cum
1615 3559 1873 3627 duobus
1918 3559 2077 3625 filiis
2123 3558 2453 3625 Faustino
2505 3562 2577 3625 et
2622 3557 2966 3625 Faustini-

675 3685 805 3729 ano
852 3663 1153 3729 feliciter
1211 3663 1459 3731 vivunt
1479 3662 1546 3749 ³).
1641 3663 1942 3745 Quadam
2002 3668 2231 3731 autem
2290 3667 2487 3731 nocte
2548 3666 2770 3730 mater
2818 3684 2967 3729 cum

861 3854 913 3922 1)
951 3853 1274 3907 Faustinum
1313 3862 1368 3907 et
1392 3854 1812 3908 Faustinianum
1836 3853 2009 3908 fuisse
2038 3854 2281 3921 geminos
2308 3858 2472 3907 antea
2509 3852 2615 3905 iam
2656 3852 2965 3906 observavit

680 3942 1017 3996 BoussetiuS.
1079 3941 1201 3996 vide
1239 3942 1388 3996 infra
1425 3960 1476 4011 p.
1517 3947 1644 3997 431.

858 4032 915 4100 2)
955 4031 1208 4085 Ceterum
1244 4032 1330 4086 vel
1367 4031 1516 4101 apud
1552 4034 1977 4102 „christianum“
2018 4032 2133 4103 (vix
2159 4038 2289 4100 apte
2315 4030 2587 4097 videlicet)
2627 4029 2696 4085 de
2733 4030 2965 4084 scelesto
3043 4030 3047 4034 ’

680 4119 873 4174 fratris
911 4136 1099 4175 amore
1131 4122 1374 4188 quamvis
1395 4122 1715 4189 gravissimo
1756 4123 1861 4176 nisi
1881 4122 2057 4176 tribus
2084 4121 2331 4176 versibus
2356 4137 2467 4175 non
2494 4121 2678 4189 agitur
2702 4120 2805 4191 (IX
2830 4119 2965 4189 36⁵).

859 4212 917 4277 3)
956 4210 1191 4264 Nomina
1227 4210 1481 4265 videlicet
1519 4227 1554 4265 a
1592 4212 1959 4280 „christiano“
2001 4210 2191 4265 addita
2224 4217 2369 4275 sunt,
2409 4210 2502 4277 qui
2530 4210 2860 4263 Clementem
2900 4206 2969 4263 de

680 4299 931 4353 Caesaris
969 4316 1169 4368 genere
1205 4308 1391 4355 natum
1432 4317 1553 4358 esse
1603 4300 1777 4370 fingit.
1853 4300 2111 4356 Mattidia
2165 4307 2287 4358 erat
2342 4300 2457 4380 filia
2494 4300 2826 4368 Marcianae,
2884 4314 2971 4352 so-

3324 4166 3331 4420 .-.—.„..
3316 3746 3331 4147 QQffl--oe
3322 3529 3331 3720 *—
