3357 5110
1469 375 1482 386 ι’
1529 376 1544 388 ο

1364 419 1378 434 t
1546 407 1558 417 h

1547 441 1554 448 0

1297 456 1356 498 ἓ·
1467 469 1538 496 ’.ἵ
1607 475 1695 486 -—
1786 438 1826 502 6
1914 476 2000 484 -

827 609 931 676 De
990 608 1271 678 Graecis
1335 609 1661 677 historiae
1712 610 2079 678 Clementis
2146 613 2537 680 auctoribus
2588 614 2722 681 viri
2768 615 2953 684 docti

649 714 947 782 nondum
989 713 1277 781 multum
1324 715 1830 802 quaesiverunt,
1877 719 2158 803 praeter
2186 716 2297 783 W.
2342 717 2639 785 Bousset
2658 718 2727 804 ¹).
2818 717 2949 788 At-

653 819 770 908 qui
815 840 1058 906 operae
1101 818 1401 906 pretium
1447 828 1578 888 est.
1667 819 1816 887 Hoc
1861 819 2125 908 quidem
2168 819 2317 887 loco
2378 820 2703 888 fabellam
2747 827 2821 889 et
2866 846 2948 889 ex

654 924 1231 1013 disputationibus
1277 924 1692 1015 philosophis
1739 924 2221 1013 quaestionem,
2270 946 2441 1013 quae
2472 929 2580 994 est
2609 925 2691 993 de
2718 927 2947 1014 provi-

656 1028 906 1112 dentia,
956 1027 1355 1118 diligentius
1402 1031 1739 1098 tractabo.
1830 1029 2009 1096 Male
2053 1029 2320 1112 accidit,
2366 1032 2449 1096 ut
2482 1032 2675 1098 totae
2720 1030 2947 1120 dispu-

655 1134 956 1202 tationes
1020 1134 1461 1223 philosophae
1523 1137 1795 1203 tantum
1846 1135 1919 1202 in
1961 1134 2598 1222 RecognitionibuS,
2667 1157 2949 1224 quarum

656 1239 890 1307 Rufini
933 1241 1243 1308 versione
1283 1239 1503 1307 latina
1532 1238 1811 1323 utimur,
1858 1227 2297 1307 inveniantur
2325 1239 2534 1326 (VIII
2555 1240 2795 1308 4—1X
2816 1241 2947 1328 32).

1593 1555 2004 1564 ——ss

1004 1868 1170 1971 Gap.
1225 1869 1280 1950 I.
1378 1870 1480 1950 De
1531 1870 1993 1972 providentia
2050 1867 2228 1976 (VIII
2262 1866 2631 1978 20—32).

828 2058 1345 2128 Providentiam
1373 2062 1612 2128 auctor
1641 2059 1973 2128 historiae
2005 2059 2372 2127 Clementis
2403 2059 2673 2146 copiosa
2701 2059 2949 2134 disser-

657 2163 922 2232 tatione
967 2163 1238 2252 dignam
1270 2164 1567 2253 putavit‚
1616 2165 1791 2253 qu'ae
1838 2170 1945 2233 est
1976 2165 2421 2254 dispositione
2457 2163 2658 2235 valde
2701 2162 2946 2232 lucida.

656 2269 942 2358 Agitur,
990 2291 1191 2357 quam
1233 2272 1403 2338 bene
1449 2273 1522 2337 et
1566 2268 1843 2357 pulchre
1890 2269 2112 2338 omnia
2158 2268 2472 2337 ordinata
2516 2269 2677 2353 sint,
2738 2289 2948 2356 quan-

656 2382 895 2463 topere
945 2373 1166 2440 omnia
1212 2373 1351 2441 sint
1395 2374 1873 2443 ratiocinantis
1919 2374 2166 2442 mentis
2204 2381 2409 2463 atque
2453 2371 2948 2462 providentiae.

829 2527 1346 2599 Describuntur.

916 2653 1005 2718 A.
1082 2648 1597 2719 MacrocosmuS.

1117 2756 1476 2824 caelestia:
1525 2756 1811 2823 mundus
2303 2750 2359 2824 c.
2405 2754 2723 2822 20¹⁸-22

1128 2860 1473 2929 sublimia:
1519 2861 1714 2930 venti
1758 2864 1832 2929 et
1874 2861 2120 2928 imbres
2298 2884 2351 2928 c.
2400 2860 2485 2927 23

1164 2970 1469 3034 terrena:
1517 2967 1737 3034 maria
1782 2974 1853 3033 et
1895 2966 2089 3033 fluvii
2297 2988 2351 3032 c.
2398 2967 2485 3032 24

1520 3070 1829 3158 virgulta
1875 3074 1947 3137 et
1992 3070 2254 3138 bestiae
2299 3092 2352 3137 c.
2400 3071 2487 3135 25

1518 3196 1711 3279 aqua⁸
2298 3197 2354 3243 c.
2401 3176 2509 3241 26.
2544 3174 2650 3241 27.

809 3322 821 3331 ’
913 3342 996 3408 Β.
1072 3340 1568 3411 Microcosmus.
2056 3424 2059 3431 =

1137 3445 1456 3515 hominis:
1502 3447 1893 3536 procreatio
2296 3470 2351 3516 c.
2398 3448 2485 3514 28

1521 3556 1873 3621 structura
1916 3552 2219 3640 corporis
2300 3575 2354 3620 c.
2402 3553 2682 3619 29—32.

827 3686 1328 3774 Argumentum
1388 3688 1640 3775 optime
1704 3687 2145 3756 distributum
2208 3692 2346 3771 est,
2414 3711 2537 3755 nec
2600 3689 2950 3756 obscurum

655 3792 808 3869 erit,
875 3791 1050 3859 unde
1095 3794 1336 3859 auctor
1383 3791 1554 3860 hanc
1598 3792 2110 3881 dispositionem
2173 3792 2499 3861 hauserit.
2588 3792 2691 3861 Eo
2734 3790 2947 3877 magis

838 4020 892 4088 1)
931 4019 1072 4090 „Die
1109 4019 1924 4091 Wiedererkennungs-Fabeln
1976 4022 2034 4083 in
2090 4020 2198 4076 den
2250 4020 2950 4091 pseudoklementinischen

655 4107 953 4178 Schriften,
1011 4108 1118 4165 den
1154 4109 1550 4167 Menaechmen
1586 4109 1683 4165 des
1719 4111 1949 4167 Plautus
1986 4128 2039 4166 u.
2080 4111 2491 4181 Shakeupeares
2528 4109 2798 4167 Komodie
2853 4108 2952 4163 der

652 4196 972 4266 Irrungen.“
1048 4198 1320 4255 Zeitschr.
1359 4198 1398 4254 f.
1440 4198 1492 4255 d.
1532 4200 1976 4256 neutestamentl.
2003 4200 2413 4256 wissenschaft
2448 4217 2501 4256 u.
2540 4200 2593 4255 d.
2618 4199 2819 4267 Kunde
2855 4197 2954 4266 des

650 4287 1119 4343 Urchristentums
1157 4289 1275 4358 hsg.
1320 4306 1425 4344 von
1463 4290 1529 4343 E.
1568 4290 1898 4359 Preuschen,
1942 4293 2096 4359 1904,
2134 4307 2189 4360 p.
2233 4292 2299 4346 18
2314 4288 2369 4344 ff.
