3357 5110
1360 455 1790 520 -31—

427 651 572 696 rem
601 627 769 696 satis
795 627 1029 694 miram
1060 627 1281 695 videri
1311 627 1658 715 discipulis
1692 628 1886 694 Petri
1922 631 2443 696 consentaneum
2473 636 2626 696 erat
2644 630 2717 710 1).

429 735 608 802 Dum
652 719 902 803 Petrus
969 733 1192 799 omnia
1247 737 1437 800 recto
1504 733 1739 800 ordine
1802 737 2050 801 narrat
2112 738 2187 800 et
2232 733 2557 801 Mattidia
2600 720 2729 820 (ut

347 892 352 897 .
426 839 974 920 consentaneum)
1007 838 1080 904 in
1111 838 1719 926 Recognitionibus
1766 841 1949 921 certe
1995 838 2192 905 adest
2210 837 2283 922 ²),
2331 839 2611 906 Nicetas
2652 842 2725 906 et

428 943 687 1031 Aquila
730 965 1034 1010 sermone
1098 944 1480 1030 interrupto
1544 943 1842 1009 clamant
1896 965 1967 1010 se
2012 964 2162 1010 esse
2206 943 2609 1010 Faustinum
2653 947 2724 1010 et

430 1047 964 1116 Faustinianum.
1054 1053 1164 1114 καὶ
1226 1048 1384 1113 τοῦτ’
1446 1047 1719 1122 εἰπόντες
1782 1052 1937 1135 μετὰ
2001 1050 2279 1134 δακρὺων
2343 1047 2723 1136 ἐπεισῆλθαν

431 1167 506 1240 τῇ
556 1158 738 1241 μητρὶ
781 1157 888 1218 καὶ
931 1160 1316 1242 κοιμωμένην
1364 1150 1642 1239 εὖρόντες
1689 1145 1812 1240 ἤδή
1858 1154 2347 1238 περιπλέκεσθαι
2400 1153 2725 1237 ἐβοὸλοντο

429 1259 535 1345 (ιγ
580 1257 695 1344 3⁵).
787 1258 1263 1325 molestissime
1327 1258 1546 1344 igitur
1609 1265 1851 1324 auctor
1900 1256 2122 1324 subito
2170 1257 2559 1325 Mattidiam
2604 1259 2725 1326 mi-

431 1364 609 1430 nime
677 1363 914 1430 adesse
981 1363 1292 1431 affirmat.
1405 1362 1554 1445 Quo
1623 1363 1739 1441 fit,
1810 1366 1891 1430 ut
1956 1363 2203 1435 Petrus
2271 1363 2585 1432 Nicetam
2653 1366 2725 1430 et

433 1467 758 1555 Aquilam
829 1467 901 1534 in
975 1467 1350 1534 cubiculum
1422 1470 1869 1554 penetrantes
1938 1466 2267 1550 retineat,
2342 1489 2428 1534 ne
2501 1471 2726 1535 mater

437 1593 668 1638 somno
731 1573 1031 1639 excitata
1090 1561 1299 1638 nimia
1361 1571 1635 1639 laetitia
1699 1572 2146 1660 opprimatur.
2239 1570 2555 1640 Ceterum
2618 1576 2726 1639 est

433 1697 736 1764 vespera,
803 1698 951 1743 cum
996 1677 1244 1744 Petrus
1293 1677 1635 1763 ceterique
1681 1676 1807 1743 hoc
1860 1677 1970 1744 die
2016 1676 2280 1745 Gabala
2326 1675 2726 1744 Laodiceam

435 1782 572 1848 iter
633 1780 944 1849 fecerint.
1037 1780 1175 1847 Cur
1236 1784 1458 1849 mater
1521 1782 1594 1846 in
1655 1783 1803 1870 ipsa
1846 1804 2132 1870 vespera
2182 1781 2479 1850 dormiat
2524 1820 2607 1830 -
2656 1786 2729 1849 et

437 1885 607 1952 satis
653 1885 771 1951 diu
814 1923 900 1934 -—
943 1909 1079 1953 non
1143 1885 1596 1972 intellegitur.
1686 1886 1949 1953 Deinde
1994 1886 2241 1954 Petrus
2304 1890 2593 1954 matrem
2641 1886 2728 1952 ad
2788 1967 2791 1970 ῃ

437 1990 877 2078 anagnorisin
927 1994 1418 2079 „praeparare“
1469 1991 1734 2074 studet;
1798 1991 1997 2058 huius
2044 1990 2311 2058 consilii
2353 1991 2582 2078 gratia
2626 1992 2725 2057 in-

435 2094 607 2182 cipit
651 2117 694 2161 a
738 2094 1110 2162 christiana
1153 2094 1480 2162 doctrina.
1572 2094 1837 2162 Deinde
1898 2094 2115 2163 multa
2177 2097 2387 2162 verba
2431 2095 2601 2163 facit
2644 2095 2729 2162 de

447 2201 1090 2288 „sequestratione“‚
1157 2223 1328 2288 quae
1370 2204 1657 2268 vocatur
1675 2201 1745 2286 ³).
1821 2202 2005 2268 ‘Cum
2046 2200 2172 2268 illa
2215 2202 2330 2268 lex
2379 2203 2451 2268 in
2496 2202 2732 2269 fabula

439 2308 683 2380 nostra
729 2306 900 2373 satis
942 2305 1226 2372 multum
1260 2305 1493 2373 valeat
1508 2306 1580 2394 4),
1627 2306 1798 2374 satis
1826 2306 2068 2373 mirum
2100 2310 2223 2390 est,
2273 2307 2446 2395 quod
2479 2307 2729 2374 Petrus

438 2412 769 2496 quattuor
829 2409 1065 2477 diebus
1128 2411 1259 2478 iam
1322 2410 1731 2478 intermissis
1800 2410 1883 2479 de
1948 2411 2073 2478 hac
2134 2434 2209 2478 re
2275 2411 2596 2500 loquitur.
2650 2407 2725 2460 -'

442 2513 765 2583 Mattidia
807 2519 1057 2603 parata
1101 2520 1206 2583 est
1251 2516 1340 2584 ad
1382 2515 1901 2605 baptizandum:
1971 2516 2097 2587 hoc
2154 2516 2303 2606 ipsa
2368 2539 2445 2586 eo
2492 2515 2730 2586 confir-

443 2624 604 2702 mat,
651 2620 832 2708 quod
876 2620 1167 2707 priorem
1211 2621 1604 2689 castitatem
1650 2622 1956 2689 celebrat
2001 2626 2074 2689 et
2103 2623 2303 2691 valde
2339 2645 2547 2711 aegre
2590 2624 2735 2693 fert

443 2720 638 2798 filios
664 2748 818 2792 suos
852 2724 1254 2793 Faustinum
1299 2730 1370 2793 et
1400 2726 1917 2795 Faustinianum
1955 2728 2080 2795 illa
2126 2731 2535 2817 tempestate
2578 2752 2729 2819 per-

442 2831 576 2896 isse
649 2852 786 2896 non
857 2831 1264 2917 baptizatos.
1375 2831 1796 2917 Superfluum
1859 2836 1969 2899 est
2030 2853 2368 2919 exponere
2429 2832 2554 2899 hoc
2610 2834 2731 2897 mi-

444 2934 622 3001 nime
667 2934 1013 3022 ingeniose
1075 2935 1513 3021 compositum
1577 2958 1741 3019 esse,
1809 2958 1957 3001 cum
2014 2958 2099 3002 ne
2143 2934 2395 3003 Petrus
2430 2936 2729 3023 quidem,

443 3038 563 3105 sed
623 3038 1016 3125 ·inopinata
1081 3039 1404 3106 Mattidia
1493 3040 1642 3128 ipsa-
1740 3039 2181 3127 anagnorisin
2258 3044 2729 3129 ‚‚praeparet“.

447 3142 704 3210 Statim
746 3143 923 3209 enim
975 3144 1280 3232 sequitur
1324 3145 1749 3233 anagnorisis
1796 3144 2105 3228 filiorum,
2151 3145 2268 3233 qui
2310 3146 2501 3213 iussu
2541 3146 2734 3215 Petri

444 3252 892 3336 prorumpunt
929 3257 1001 3317 et
1030 3248 1419 3316 Mattidiam
1464 3249 1986 3338 amplectuntur.
2076 3250 2117 3338 ἡ
2165 3253 2231 3317 δὲ
2256 3252 2394 3341 ἔφη
2440 3250 2513 3317 Τί
2560 3254 2735 3319 θέλει

627 3500 680 3569 1)
718 3500 999 3569 ConferaS,
1057 3502 1329 3571 quomodo
1385 3510 1549 3557 antea
1592 3504 1946 3574 (Caesareae)
2002 3502 2259 3572 discipuli
2312 3502 2464 3558 Petri
2520 3518 2734 3557 enume-

445 3594 664 3658 rentur3
722 3589 801 3643 ibi
855 3592 912 3644 in
947 3592 1187 3661 Recogn.
1245 3591 1469 3646 additur
1509 3592 1835 3661 „Mulierum
1873 3607 2007 3647 sane
2044 3593 2197 3646 nulla
2235 3607 2462 3660 prorsus
2502 3590 2731 3645 aderat“

445 3678 648 3748 (111⁹).
686 3710 756 3720 —
795 3680 940 3736 Satis
996 3682 1248 3736 similiter
1287 3682 1532 3737 Clemens
1590 3688 1755 3737 antea
1792 3682 2012 3753 (Aradi)
2070 3682 2301 3736 miratus
2360 3687 2460 3748 est,
2518 3681 2734 3748 qualem

448 3767 820 3823 mulierculam
854 3770 1052 3825 Petrus
1091 3786 1255 3826 manu
1291 3770 1532 3827 duceret.

625 3860 684 3929 2)
724 3857 795 3913 cf.
833 3860 936 3913 VlI
963 3862 1057 3915 27ι
1115 3860 1256 3930 „Sed
1293 3859 1419 3915 dum
1457 3861 1582 3916 illos
1623 3862 1979 3931 (Clementem
2018 3866 2073 3915 et
2112 3861 2349 3930 ceteros)
2404 3858 2543 3913 foris
2582 3860 2735 3929 (ante

448 3952 641 4015 portas
679 3948 894 4018 templi)
933 3950 1208 4019 opperior,
1264 3951 1543 4005 mulierem
1581 3952 1762 4005 hanc
1807 3948 2156 4006 considerare
2194 3951 2399 4019 coepi.“
2475 3950 2537 4003 In
2579 3950 2734 4003 Hom.

447 4035 600 4089 locus
637 4035 970 4105 depravatus
1011 4045 1109 4094 est.

629 4125 686 4195 3)
725 4126 1012 4182 christiani
1047 4143 1154 4181 una
1181 4145 1302 4183 cum
1340 4129 1640 4198 gentilibus·
1673 4130 1825 4184 cibos
1858 4144 2073 4183 sumere
2099 4134 2385 4197 vetantur3
2422 4132 2485 4181 ut
2521 4142 2738 4194 semper

449 4228 564 4269 una
597 4230 718 4268 cum
756 4216 1032 4272 Clemente
1069 4233 1191 4272 esse
1226 4219 1418 4286 possit,
1460 4220 1658 4273 Petrus
1696 4217 2009 4273 Mattidiam
2048 4217 2325 4286 baptizari
2358 4217 2527 4271 iubet.

627 4305 686 4374 4)
724 4303 797 4360 cf.
833 4306 886 4358 II
926 4306 1196 4375 70b—723
1251 4328 1284 4361 α
1321 4309 1468 4374 223ος
1523 4328 1552 4379 γ
1590 4309 1709 4362 29²³
1747 4313 1804 4362 et
1840 4308 2076 4377 saepius.
