3357 5110
579 623 708 688 Hic
739 643 1002 710 quoque
1037 621 1107 687 in
1136 621 1741 706 Recognitionibus
1787 621 2323 709 interpretandis
2358 620 2697 689 Ciceronis

407 727 584 794 libro
632 727 823 814 quasi
868 724 1348 795 commentario
1393 724 1719 791 utendum
1765 728 1891 792 est.
1931 758 1937 763 ·

823 847 1081 914 Cicero,
1829 849 1837 854 ”
2054 849 2215 916 Rec.

493 959 528 1034 g
577 954 721 1020 150.
796 951 1053 1036 „Quam
1102 974 1260 1019 vero
1307 956 1505 1039 aptas
1700 973 1842 1039 cap.
1889 951 2024 1042 293.
2164 953 2370 1038 „Tum
2459 953 2699 1020 deinde

414 1078 745 1148 quamque
817 1055 1195 1125 multarum
1259 1057 1512 1123 artium
1599 1055 1906 1144 aequalis
1973 1078 2057 1123 ex
2123 1059 2415 1144 utraque
2476 1061 2697 1147 parte,

409 1161 760 1230 ministras
819 1181 1058 1228 manus
1097 1165 1349 1230 natura
1389 1161 1507 1229 ho·
1597 1159 1670 1228 id
1701 1165 1813 1229 est
1842 1161 2132 1229 dextera
2160 1183 2239 1239 ac
2268 1161 2483 1240 laeva,
2519 1186 2699 1230 men·
2830 1157 2838 1162 ’

410 1265 577 1332 mini
618 1267 846 1334 dedit‘*
874 1267 942 1354 ¹).
1601 1289 1763 1334 sura
1824 1255 2151 1350 servitu-r,
2218 1270 2301 1333 ut
2366 1273 2701 1353 congruat

302 1355 310 1362 ⁰
1592 1371 1951 1543 {ps-tpedi,
2029 1376 2102 1439 et
2151 1394 2394 1544 33⁴qu
2453 1373 2697 1543 mff‘npi'

1596 1501 1743 1667 gugli
1775 1499 2422 1668 bdlzcigg'glosgtdtd
2458 1500 2699 1668 {esd}-

1517 1689 1520 1692 ’
1595 1685 1799 1752 litate
1820 1686 2289 1754 concordent.“
2314 1687 2425 1773 (cf.
2444 1687 2697 1774 supra).

581 1803 936 1872 Postremo
1007 1829 1246 1874 rursus
1316 1806 1464 1874 loco
1521 1807 2051 1894 Recognitiones
2121 1809 2343 1876 fluunt
2390 1809 2699 1890 uberim,

405 1911 528 1978 sed
547 1962 560 1988 ‚
647 1913 731 1976 ut
799 1910 1098 2000 saepiae,
1196 1915 1484 2000 uterque
1565 1919 1807 1980 auctor
1874 1913 2151 1981 eandem
2218 1913 2703 2002 cogitationem

405 2017 632 2085 flectit
675 2017 1013 2084 diversam
1057 2017 1130 2082 in
1172 2020 1472 2106 partem:
1539 2014 1733 2086 velut
1786 2018 1895 2086 hic
1953 2019 2325 2106 loquuntur
2369 2019 2701 2106 Recogni·

312 2140 320 2152 ·
413 2121 634 2190 tiones
682 2122 764 2188 de
807 2121 984 2188 mira
1027 2125 1300 2188 artuum
1363 2124 1811 2206 „formarum“
1874 2127 2329 2213 responsione,
2398 2147 2547 2191 cum
2592 2123 2701 2191 Ci-

406 2247 587 2310 cero,
636 2249 835 2315 quam
879 2230 1042 2314 apte
1085 2225 1174 2296 ad
1219 2227 1709 2316 „operandum“
1744 2250 1978 2296 manus
2012 2229 2345 2318 digitique
2376 2229 2703 2296 instituta

408 2331 572 2415 sint,
619 2330 979 2399 illustrare
1024 2333 1321 2401 studeat.
1369 2372 1456 2382 —
2008 2403 2011 2408 .

581 2433 992 2524 Quicunque,
1041 2444 1121 2526 ut
1165 2461 1309 2519 nos,
1359 2439 1707 2507 Ciceronis
1751 2439 1911 2506 libri
1955 2428 2421 2528 paragraphus
2470 2437 2699 2503 1219.

405 2541 733 2609 75-150
807 2566 956 2609 cum
1015 2544 1582 2632 Recognitionum
1655 2544 1819 2612 libri
1882 2545 1989 2613 IX
2077 2544 2411 2633 capitibus
2481 2542 2701 2625 11¹¹·f·,

401 2647 712 2711 20¹⁸—33
779 2654 1160 2737 comparat,
1231 2650 1454 2719 facere
1514 2674 1675 2719 non.
1717 2655 1988 2739 potest,
2064 2650 2227 2740 quin
2295 2673 2703 2731 communem

411 2752 766 2839 utriusque
812 2754 1110 2821 auctoris
1159 2754 1418 2822 fontem
1463 2760 1750 2823 statuat.
1821 2756 2015 2837 Quod
2059 2778 2193 2822 non
2240 2755 2455 2821 solum
2500 2777 2702 2841 prop-

407 2859 522 2921 ter
573 2855 1100 2942 dispositionem,
1149 2858 1268 2924 sed
1297 2860 1518 2945 ipsum
1549 2862 1914 2926 verborum
1944 2863 2337 2926 concentum
2373 2860 2700 2945 poscitur.

408 2958 660 3037 Itidem
708 2960 824 3047 qui
868 2959 1212 3029 Ciceronis
1276 2962 1749 3051 paragraphus
1797 2963 1879 3029 17
1926 2967 1998 3030 et
2046 2962 2127 3028 19
2195 2962 2303 3048 (de
2348 2961 2703 3049 Cleanthe)

407 3086 498 3131 ex
543 3063 894 3131 Posidonii
936 3064 1116 3134 libro
1163 3072 1300 3153 περὶ
1345 3071 1511 3134 θεῶν
1559 3068 1838 3134 fluxisse
1885 3066 2303 3135 Schmekelio
2350 3062 2701 3151 concessit,

408 3170 478 3235 ei
521 3169 1008 3237 concedendum
1055 3175 1162 3238 est
1205 3172 1774 3259 Recognitionum
1839 3196 1976 3239 non
2035 3172 2251 3239 solum
2296 3172 2522 3259 capita
2568 3172 2701 3240 201‘.

403 3276 494 3340 22
529 3272 694 3363 (33³)
739 3275 857 3342 sed
887 3278 1108 3343 totam
1139 3277 1222 3345 de
1253 3276 1687 3365 providentia
1716 3277 2246 3375 disputationem
2286 3278 2703 3365 (0.20¹⁸—33)

405 3378 834 3446 *referendam
882 3402 1023 3447 esse
1070 3379 1160 3447 ad
1203 3382 1422 3468 ipsum
1473 3379 1924 3449 Posidonium.
1973 3421 2053 3431 —

594 3610 646 3679 1)
685 3609 754 3664 cf.
793 3610 922 3666 Rec.
965 3627 1008 3665 e.
1035 3615 1129 3667 29⁸
1171 3612 1402 3683 „Manus
1442 3614 1656 3681 quidem
1694 3618 1757 3668 ut
1794 3614 1951 3682 operi
1990 3612 2317 3669 commodae·
2341 3615 2505 3667 sint“.

1347 3922 1761 3930 ——--—-—-——
