3357 5110
1387 439 1824 503 -25—

622 608 919 676 Faustus
968 612 1040 677 et
1083 609 1410 676 Mattidia
1470 611 1770 696 feliciter
1827 613 2161 697 vixerant,
2226 638 2375 682 cum
2419 617 2742 713 Mattidia

447 737 596 782 cum
640 713 896 780 duobus
943 713 1101 779 filiis
1143 714 1474 799 emigrare
1507 717 1759 782 somnio
1791 717 1974 784 iussa
2005 722 2145 804 est;
2193 719 2371 786 idem
2416 723 2739 794 somnium
2834 725 2841 727 ’

444 819 738 902 monuit,
814 817 950 885 nisi
1013 818 1382 905 emigraret
1445 822 1666 886 totam
1732 821 2057 888 familiam
2132 824 2504 910 perituram
2572 849 2737 894 esse.

448 924 689 990 Omnia
735 922 976 990 deinde
1019 923 1412 1018 procedunt,
1461 926 1542 990 ut
1589 929 1660 1010 ιβ
1707 926 1923 992 8-10
1966 927 2283 1014 legimus:
2334 935 2535 1016 pater
2577 954 2739 998 uxo-

341 1043 376 1124 t‘
444 1051 587 1096 rem
631 1032 704 1094 et
747 1027 926 1093 filios
986 1027 1072 1093 ad
1133 1031 1406 1114 portum
1468 1029 1853 1115 comitatur,
1913 1033 2257 1100 nonnullis
2326 1035 2519 1102 annis
2583 1041 2741 1123 post

441 1135 586 1220 ipse
631 1133 966 1200 desiderio
1011 1135 1283 1200 coactus
1328 1133 1801 1221 proficiscitur.

617 1237 766 1304 Iam
812 1259 976 1316 vero
1023 1237 1431 1324 gravissima
1477 1238 1560 1306 de
1604 1239 2003 1328 horoscopio
2058 1243 2365 1330 quaestio
2414 1244 2741 1312 solvenda

445 1349 568 1413 est.
645 1341 784 1410 Ubi
812 1342 1112 1410 Faustus
1156 1342 1330 1409 illud
1358 1343 1721 1410 Mattidiae
1750 1366 1899 1411 cum
1930 1369 2125 1414 servo
2156 1349 2433 1436 proprio
2477 1345 2739 1418 schema

445 1471 853 1536 cognoscere
896 1447 1174 1535 potuit?
1261 1449 1576 1535 Apparet
1619 1448 1743 1515 hoc
1786 1473 1922 1517 non
1963 1441 2234 1518 Romae
2269 1453 2524 1520 factum
2571 1476 2738 1522 esse.

443 1555 617 1620 Nam
665 1555 737 1620 et
783 1552 1090 1646 Clemens
1151 1553 1621 1640 horoscopium
1686 1545 1967 1640 ignorat
2030 1579 2246 1644 neque
2291 1558 2443 1625 fieri
2486 1563 2734 1646 potest,

445 1662 526 1725 u't
575 1658 892 1739 Faustus,
955 1679 1355 1745 quamquam
1413 1681 1495 1724 ex
1555 1658 1895 1726 schemate
1941 1661 2194 1728 Romae
2241 1663 2513 1750 cognito
2560 1665 2737 1730 Mat-

437 1759 689 1834 tidiam
737 1762 1116 1829 adulteram
1167 1763 1276 1846 „in
1319 1763 1510 1850 aquis
1559 1763 1988 1860 defunctam“
2053 1789 2198 1834 esse
2249 1755 2384 1834 non
2438 1769 2736 1856 ignorat,

443 1875 672 1936 tamen
716 1869 819 1935 bis
865 1867 1123 1936 nuntiis
1174 1859 1391 1935 missis
1438 1871 1779 1956 postremo
1826 1869 1913 1936 ad
1956 1871 2412 1939 fidelissimam
2456 1897 2737 1941 uxorem

445 1972 894 2062 quaerendam
957 1972 1448 2060 proficiscatur.
1555 1974 1739 2060 Ergo
1795 1974 2038 2041 infelix
2099 1980 2300 2063 pater
2359 1977 2433 2043 in
2493 1979 2735 2060 alienis

440 2079 702 2146 demum
765 2077 976 2145 terris
1043 2077 1513 2166 horoscopium
1576 2081 1917 2166 cognovit.
2026 2080 2345 2149 Ceterum
2406 2083 2552 2170 ipse
2611 2084 2737 2152 hoc

440 2182 766 2265 concedit,
833 2205 978 2250 cum
1042 2182 1129 2249 ad
1171 2183 1457 2250 Petrum
1521 2183 1719 2252 dicit:
1792 2199 1971 2275 συνῆν
2034 2194 2135 2274 μοί
2204 2211 2293 2263 τις
2352 2188 2735 2275 ἀστρολόγων

442 2287 689 2374 ἄριστος
733 2327 820 2336 -
864 2327 970 2370 -,
1031 2287 1201 2362 ὅστις
1248 2287 1309 2354 ἐν
1356 2299 1495 2364 ταῖς
1541 2289 1922 2377 ἀποδημίαις
1967 2291 2104 2357 κατ’
2152 2293 2357 2381 ἀρχάς
2401 2318 2503 2381 μοι
2547 2299 2735 2384 φιλω-

438 2399 579 2468 θεὶς
623 2398 722 2460 τὸν
773 2402 910 2480 ,τῆς
953 2393 1110 2480 ἐμῆς
1173 2393 1431 2480 σομβίοο
1495 2402 1648 2480 μετὰ
1709 2409 1823 2460 τῶν
1888 2402 2109 2462 τέκνων
2170 2401 2441 2465 θάνατον
2509 2399 2734 2487 ἐδήλου

441 2501 542 2587 (ιδ
590 2499 744 2583 11¹⁰)
775 2501 840 2581 ¹).
889 2498 1154 2565 Alienis
1199 2498 1415 2586 igitur
1457 2499 1530 2565 in
1573 2501 1784 2567 terris
1817 2501 2111 2569 Faustus
2147 2503 2467 2589 cognovit
2511 2509 2734 2572 astro-

438 2605 668 2691 logum
731 2605 1092 2692 quendam,
1159 2606 1275 2694 qui
1333 2605 1396 2671 ei
1457 2604 1582 2673 hoc
1645 2606 1911 2674 schema
1972 2607 2333 2676 Mattidiae
2392 2610 2731 2677 ostendit:

437 2710 545 2777 IX
575 2712 709 2778 32¹²
761 2710 1062 2794 „Habuit
1107 2712 1283 2777 enim
1327 2711 1621 2778 Martem
1667 2734 1814 2777 cum
1846 2712 2113 2779 Venere
2159 2736 2361 2801 super
2407 2719 2731 2799 centrum,

437 2816 700 2883 Lunam
742 2838 908 2884 vero
973 2816 1046 2881 in
1110 2838 1347 2898 occasu
1409 2816 1482 2880 in
1545 2815 1847 2882 domibus
1894 2816 2136 2884 Martis
2203 2822 2275 2884 et
2326 2818 2569 2886 finibus
2614 2819 2734 2885 Sa-

437 2922 661 3005 turni,
739 2921 920 3009 quod
987 2921 1250 2987 schema
1318 2920 1670 2987 adulteras
1737 2920 1911 2987 facit
1976 2924 2049 2988 et
2116 2944 2351 2990 servos
2416 2925 2732 3011 proprios

447 3048 696 3105 amare,
743 3028 816 3091 in
859 3025 1408 3113 peregrinatione
1456 3028 1527 3091 et
1567 3024 1637 3091 in
1686 3025 1877 3111 aquis
1928 3025 2270 3113 defungi“.

610 3131 838 3197 Facile
884 3131 1144 3217 fingere
1188 3152 1540 3218 possumus
1605 3130 1921 3197 miserum
1965 3134 2227 3218 patrem
2276 3154 2425 3200 esse
2468 3137 2731 3221 perter-

443 3239 669 3322 ritum,
720 3262 863 3305 cum
909 3238 1052 3304 tale
1097 3260 1492 3325 responsum
1537 3242 1621 3305 ab
1667 3238 2022 3324 astrologo
2068 3239 2465 3307 audivisset.
2557 3242 2734 3309 Nam

439 3360 518 3410 re
561 3366 725 3411 vera
770 3342 1092 3410 Mattidia
1139 3344 1598 3429 emigraverat
1661 3344 1773 3429 (cf.
1828 3344 1934 3427 „in
1978 3345 2598 3433 peregrinatione“)
2662 3350 2734 3413 et

438 3469 680 3515 navem
743 3447 1142 3515 ascenderat
1211 3448 1320 3532 (cf.
1389 3447 1496 3531 „in
1553 3447 1832 3534 aquis“).
1930 3449 2195 3515 Eratne
2260 3452 2487 3516 autem
2555 3451 2732 3516 veri-

437 3551 658 3619 simile
723 3574 868 3619 eam
935 3552 1282 3639 aufugisse
1353 3575 1502 3619 cum
1574 3552 1894 3640 „proprio
1956 3554 2249 3621 servo“‘?
2291 3592 2378 3601 -
2424 3552 2731 3621 Clemens

438 3656 753 3725 narravit
810 3656 1198 3723 Mattidiam
1262 3657 1513 3724 marito
1574 3656 1827 3723 dixisse
1894 3679 1963 3724 se
2032 3680 2179 3723 cum
2246 3658 2503 3725 duobus
2570 3660 2731 3727 filiis

331 3848 337 3853 ι
437 3762 773 3848 emigrare
837 3761 1089 3828 somnio
1150 3761 1403 3829 iussam
1461 3783 1642 3846 esse;
1716 3761 1749 3827 ὁ
1795 3768 1903 3849 μὲν
1950 3760 2055 3828 οὖν
2118 3768 2317 3850 πατὴρ
2376 3768 2732 3854 φιλότεκνος

436 3865 518 3932 ὢν
587 3870 692 3931 οὑν
755 3891 818 3931 τε
882 3868 1221 3942 δοὺλοις
1285 3871 1414 3932 καὶ·
1458 3869 1706 3942 δοὺλαις
1775 3866 2112 3957 ἐφοδιάσας
2181 3866 2406 3943 ἱκανῶς
2468 3874 2577 3935 καὶ
2641 3868 2730 3945 εἰς

618 4026 672 4094 1)
710 4026 933 4094 Locum,
973 4027 1218 4094 quamvis
1257 4031 1473 4082 tantum
1510 4026 1567 4079 in
1587 4025 1840 4081 Homiliis
1873 4026 2113 4081 traditus
2151 4027 2239 4095 sit,
2280 4029 2573 4096 genuinum
2610 4045 2731 4084 esse

431 4118 490 4169 et
525 4114 648 4183 ipsa
685 4130 747 4169 re
785 4116 1057 4183 postulari
1094 4116 1230 4169 satis
1269 4121 1517 4183 apparet.
1582 4116 1836 4169 Ceterum
1874 4118 1931 4169 in
1968 4116 2219 4171 Homiliis
2257 4116 2598 4185 ineptissime
2634 4118 2729 4172 ille

429 4204 740 4272 astrologus
780 4210 864 4258 est
890 4204 1162 4272 Annubi0,
1205 4220 1324 4258 cum
1359 4204 1417 4257 in
1454 4204 1578 4272 ipsa
1606 4204 1967 4259 Homiliarum
2006 4209 2250 4259 extrema
2288 4205 2479 4260 fabula
2504 4207 2560 4277 (κ
2591 4208 2728 4276 11²⁹)

430 4291 738 4347 affirmetur
774 4294 1155 4348 Annubionem
1193 4308 1313 4347 esse
1352 4292 1546 4347 Fausti
1583 4294 1815 4347 amicum
1852 4296 1910 4347 ἐκ
1947 4294 2155 4366 πρώτης
2192 4296 2403 4367 ἡλικίας.
