3357 5110
1585 455 2017 522 „20ss

1367 725 1532 826 Gap.
1592 723 1675 802 ΙΙ.
1766 724 1867 802 De
1930 721 2231 802 fabella.

824 902 1340 989 Disputationes
1380 901 1885 979 Laodiceenses,
1935 881 2104 986 quae
2152 902 2314 965 sunt
2358 897 2441 964 de
2485 897 2943 985 providentia,

647 1030 794 1075 cum
841 1007 927 1075 ad
971 1009 1231 1074 certum
1275 1007 1538 1076 fontem
1580 1005 2081 1087 rettulerimuS,
2154 1003 2392 1070 summi
2453 1003 2775 1070 momenti
2834 1006 2942 1068 est

646 1135 1069 1198 cognoscere,
1105 1115 1352 1179 utrum
1381 1110 1638 1178 fabella
1670 1132 1951 1198 quoque,
2002 1130 2133 1198 qua
2173 1107 2659 1193 „christianus“
2696 1107 2941 1189 utitur,

519 1283 522 1286 ,
648 1218 734 1284 ad
780 1217 1038 1285 fontem
1086 1217 1414 1304 quendam
1461 1215 1720 1282 redeat.

766 1529 772 1535 ἱ
1375 1431 1432 1495 1.
1484 1427 1627 1494 'De
1670 1426 2211 1515 horoscopia
2749 1527 2756 1532 .
2839 1517 2853 1526 .

818 1551 1048 1622 Primo
1112 1573 1282 1640 quae
1340 1539 1506 1618 ante*
1563 1549 1833 1617 initium
1895 1549 2169 1617 fabulae
2228 1549 2523 1616 familiae
2570 1548 2938 1616 Clementis

523 1727 528 1730 ,
644 1657 902 1724 Romae
945 1657 1318 1733 acciderint
1361 1655 1736 1744 comperire
1780 1655 1994 1722 iuvat.
2090 1653 2271 1721 Mira
2316 1657 2476 1720 sunt
2506 1653 2675 1738 fata,
2720 1675 2937 1740 neque

645 1760 861 1830 semel
894 1761 1348 1828 ostenduntur
1365 1761 1432 1848 1).
1523 1759 1848 1827 Mattidia
1906 1758 2269 1850 aliquando
2320 1759 2579 1844 {marito
2622 1758 2939 1826 narravit

641 1870 841 1934 nocte
885 1868 1217 1954 quendam
1281 1867 1408 1933 sibi
1471 1865 1743 1949 dixisse,
1808 1865 1942 1932 nisi
2006 1888 2153 1932 cum
2214 1865 2471 1932 duobus
2517 1865 2675 1930 filiis
2721 1864 2939 1930 Roma

641 1971 881 2054 abiret,
947 1975 1165 2064 totam
1228 1971 1554 2038 familiam
1611 1970 1995 2059 perituram
2042 1989 2183 2037 esse
2238 1970 2337 2058 (ιβ
2372 1969 2526 2056 16³).
2618 1970 2934 2050 FaustuS‚

641 2077 757 2163 qui
799 2076 924 2143 hoc
969 2098 1202 2144 verum
1247 2099 1394 2143 esse
1437 2075 1733 2167 putavit,
1781 2075 2201 2162 perterritus
2268 2097 2539 2141 uxorem
2584 2097 2731 2140 cum
2774 2073 2961 2140 filiis*
3036 2154 3044 2166 Ι

637 2179 949 2266 Athenas
1013 2180 1348 2270 proficisci
1404 2181 1604 2247 iussit
1658 2184 1732 2247 et
1792 2178 2007 2247 solum
2070 2179 2483 2246 Clementem
2542 2201 2761 2247 secum
2820 2178 2935 2246 ha·

638 2288 862 2355 bebat.
953 2287 1239 2354 Postero
1287 2308 1461 2380 ann-o
1501 2289 1709 2384 ⁴pater
1754 2285 1954 2353 valde
2001 2284 2335 2367 sollicitus
2380 2284 2582 2368 misit,
2640 2285 2755 2371 qui
2802 2282 2931 2365 sibi
3043 2303 3051 2312 ·

637 2393 736 2458 dev
794 2414 1006 2459 uxore
1081 2391 1423 2484 carissima
1491 2399 1562 2458 et
1631 2390 1789 2456 filiis
1858 2391 2277 2458 nuntiarent.
2390 2389 2543 2456 Non
2618 2386 2927 2477 redeunt.

638 2496 884 2564 Nuntii
948 2497 1161 2565 tertio
1226 2519 1400 2565 anno
1455 2497 1660 2580 missi,
1733 2496 1848 2584 qui
1909 2499 2153 2586 quarto
2204 2498 2393 2562 vanno
2458 2498 2957 2576 revertuntur,·

634 2603 808 2669 nihil
853 2603 935 2669 de
981 2601 1304 2670 Mattidia
1347 2604 1666 2670 nuntiare
1726 2606 2033 2691 possunt.
2137 2602 2286 2667 Iam
2331 2602 2554 2668 currit
2595 2605 2796 2687 pater
2842 2600 2931 2667 ad

637 2708 922 2774 Portum
982 2706 1336 2795 (Augusti)
1429 2712 1500 2774 et
1577 2708 2073 2775 accuratissime
2154 2728 2237 2773 ex
2313 2706 2615 2791 omnibus
2695 2705 2928 2773 nautis

636 2812 926 2905 quaerit,
972 2814 1293 2900 numquid
1338 2812 1420 2879 de
1450 2813 1775 2880 Mattidia
1820 2812 2227 2881 audiverint.
2310 2810 2510 2878 Ali-us
2556 2810 2696 2877 alia
2740 2811 2926 2877 dicit.

639 2918 672 2983 ὅ
718 2922 922 3005 πατὴρ
969 2918 1208 2985 ἀκοὺων
1255 2918 1600 2992 ἐστέναξεν·
1659 2922 1815 3007 πλὴν
1878 2916 1993 2983 ὑπὸ
2054 2922 2421 3005 σπλάγχνων
2466 2920 2929 3003 θορυβοὺμενος

639 3022 933 3106 ἁλόγιστα
993 3024 1400 3106 ἐπυνθάνετο,
1472 3022 1564 3089 ὅτι
1619 3034 1902 3089 τοσοῦτον
1972 3028 2242 3110 μέγεθος
2303 3025 2623 3109 θαλάττης
2680 3022 2927 3106 ἐρευνᾶν

634 3129 917 3215 ἐπειρᾶτο
963 3168 1049 3177 --
1095 3166 1180 3177 -—
1228 3169 1308 3177 -υ
1345 3123 1430 3217 ’τῇ
1496 3134 1650 3216 πρὸς
1718 3134 1857 3202 τοὺς
1923 3134 2327 3215 ζητουμένους
2387 3139 2614 3213 στοργῇ
2692 3126 2926 3193 ἐλπίσιν

633 3233 1024 3318 ἐβουκολεῖτο
1070 3246 1282 3309 κεναῖς
1329 3236 1431 3323 (ιβ
1468 3235 1652 3320 101⁰).
1701 3246 1703 3249 ’
1744 3234 2102 3300 Postremo
2157 3236 2534 3319 temperare
2592 3231 2722 3298 sibi
2788 3255 2928 3297 non

631 3342 881 3425 potest,
931 3338 1091 3426 quin
1125 3339 1470 3406 Clemente
1501 3342 1757 3405 Romae
1791 3337 2030 3404 relicto
2062 3338 2209 3425 ipse
2240 3337 2326 3409 ad
2366 3336 2693 3404 familiam
2724 3359 2924 3425 quae-

614 3437 905 3511 'rendam
947 3444 1415 3532 proficiscatur
1435 3445 1504 3531 2).
2466 3442 2469 3447 ’

691 3638 697 3645 ἡ
803 3550 907 3616 Ea
954 3551 1174 3617 omnia
1220 3550 1498 3617 rettulit
1545 3550 1853 3617 Clemens
1892 3549 2239 3616 Antaradi
2286 3572 2433 3615 cum
2480 3547 2689 3615 Petro
2737 3547 2921 3617 solus

630 3654 929 3721 relictus.
1034 3654 1393 3722 ‘Postridie
1459 3654 1813 3733 Mattidia,
1896 3676 2064 3741 quae
2132 3656 2293 3719 ante
2367 3657 2605 3740 portas
2683 3652 2919 3740 templi

629 3760 845 3826 Aradi
887 3759 1242 3843 mendicat,
1291 3762 1598 3825 testatur
1645 3781 1716 3825 se
1761 3781 1895 3823 non
1928 3758 2180 3825 vidisse
2224 3758 2566 3840 somnium,
2616 3758 2732 3825 sed
2776 3758 2919 3823 fra-

626 3868 806 3930 trem
851 3864 1086 3932 mariti
1131 3865 1202 3930 in
1246 3868 1386 3930 tam
1419 3884 1739 3930 vesanum
1771 3884 2065 3930 amorem
2114 3864 2217 3930 sui
2264 3863 2595 3945 incidisse,
2644 3866 2724 3929 ut
2767 3862 2923 3949 ipsa-

627 3968 1038 4056 cupiditates
1095 3970 1253 4051 eius,
1317 3968 1450 4035 nisi
1511 3968 1897 4055 emigraret,
1966 3972 2265 4056 effugere
2323 3992 2457 4035 11011
2520 3970 2787 4056 posset;
2837 3987 2915 4030 ea

626 4073 709 4139 de
753 4095 958 4140 causa
1003 4096 1072 4141 se
1120 4073 1444 4140 somnium
1488 4074 1783 4141 finxisse.

809 4234 862 4302 1)
903 4235 962 4303 ιβ
999 4236 1204 4301 8-10;
1245 4235 1306 4304 ιβ
1348 4237 1556 4298 15.16;
1596 4235 1701 4287 VII
1732 4237 1817 4290 26.
1844 4238 1942 4303 27;
1983 4235 2039 4289 ιὸ
2080 4234 2319 4289 ἹΝΙΧ
2346 4236 2429 4287 32.
2458 4233 2556 4296 33;
2596 4226 2669 4280 IX
2698 4227 2780 4277 36.

804 4328 861 4395 2)
901 4328 958 4397 ιβ
997 4329 1188 4379 8-10.
