3357 5110
1319 439 1855 527 -17-'

475 703 480 712 ,
573 637 834 704 Deinde
893 636 1074 724 apud
1117 636 1509 704 Ciceronem
1573 637 1954 723 exponitur,
2023 638 2349 726 quomodo
2412 639 2691 728 sanguis

399 741 530 811 tali
573 742 844 811 ratione
890 765 974 808 ex
1019 742 1164 807 cibo
1209 742 1511 807 mutatus
1578 741 1875 808 confluat
1922 742 2009 808 ad
2054 766 2185 823 cor,
2248 744 2425 811 unde
2469 745 2541 810 in
2585 748 2691 811 to-

399 847 538 916 tius
604 849 926 934 penetret
991 845 1292 931 corporis
1366 847 1624 932 partes.
1736 845 1885 913 Hoc
1954 849 2218 934 quidem
2293 849 2690 936 diligentius

398 951 777 1019 describere
838 971 1409 1036 supervacaneum
1470 949 1667 1017 duxit
1737 951 2243 1036 „christianus“,
2308 955 2497 1022 cuius
2557 953 2692 1021 dis-

396 1054 666 1143 putatio
714 1053 998 1136 omnine,
1047 1060 1125 1121 ut
1169 1053 1640 1142 intellegatur,
1704 1055 2051 1123 Ciceronis
2099 1059 2402 1143 quamvis
2463 1058 2688 1126 ieiuno

397 1159 944 1228 commentariolo
991 1158 1346 1226 admodum
1393 1163 1568 1246 eget.

568 1286 1009 1374 Paragrapho
1058 1287 1203 1353 138.
1295 1290 1377 1351 ut
1420 1287 1769 1374 promissis
1834 1290 1994 1370 stet,
2064 1309 2404 1376 perpauca
2465 1288 2688 1376 dispu-

393 1393 506 1457 tat
551 1390 784 1458 Cicero
831 1390 914 1457 de
968 1389 1336 1478 „spiritu“;
1396 1390 1636 1458 deinde
1698 1392 1932 1478 pergit
1996 1393 2081 1459 ad
2127 1414 2281 1459 ossa
2327 1396 2401 1460 et
2444 1414 2687 1460 nervos

397 1518 843 1584 sensuumque
909 1517 1170 1582 organa
1231 1496 1617 1584 quaerenda
1694 1495 1757 1582 (ξ
1803 1497 2196 1582 1394-150).
2300 1497 2688 1586 Eademque

392 1602 463 1666 in
506 1604 709 1688 parte
754 1623 890 1666 non
934 1599 1182 1667 desunt
1227 1599 1587 1667 communis
1637 1601 1938 1667 auctoris
1986 1601 2316 1687 vestigia:

813 1748 1071 1816 Cicero.
1615 1839 1618 1842 ἡ
2060 1750 2221 1816 Rec.

481 1873 698 1959 §ma
780 1870 999 1955 „Quid
1031 1870 1246 1939 dicam
1277 1870 1362 1936 de
1393 1892 1498 1938 os-
1675 1893 1729 1936 c.
1778 1869 1913 1938 29¹.
2010 1872 2143 1953 „Et
2207 1871 2359 1937 vide
2426 1871 2498 1936 in
2562 1871 2689 1936 hoc

325 1983 332 1989 '
395 1977 613 2061 sibus;
662 1997 834 2064 quae
880 1975 1186 2042 subiecta
1230 1976 1497 2062 corpori
1585 1975 1865 2042 artificis
1913 1998 2099 2062 opus,
2160 1975 2484 2062 quomodo
2533 1996 2688 2042 ossa

393 2081 740 2147 mirabiles
758 2081 1224 2147 commissuras
1241 2079 1499 2146 habent
1585 2080 1779 2147 velut
1806 2080 2147 2154 columnas
2172 2079 2509 2166 quasdam,
2544 2079 2685 2167 qui-

303 2249 313 2257 ,
393 2189 465 2254 et
524 2185 612 2253 ad
669 2184 1122 2252 stabilitatem
1179 2187 1376 2270 aptas
1423 2188 1494 2250 et
1581 2187 1705 2252 bus
1755 2207 1909 2252 caro
1958 2187 2384 2252 sustentetur
2419 2208 2497 2253 ac
2533 2207 2685 2272 por-

393 2292 483 2358 ad
541 2294 754 2359 ‘artus
827 2289 1152 2359 finiendos
1237 2290 1498 2356 adcom-
1587 2293 1801 2373 tetur,
1848 2289 2201 2358 inservit.“

387 2396 695 2463 modatas
743 2399 816 2463 et
853 2395 940 2462 ad
985 2399 1243 2462 motum
1290 2399 1360 2462 et
1405 2394 1494 2462 ad

389 2523 647 2601 omsnem
693 2501 994 2591 corporis
1042 2502 1456 2571 actionem.“.

564 2630 792 2716 Aegre
837 2628 1193 2696 ferendum
1237 2632 1363 2710 est,
1429 2625 1607 2714 quod
1653 2626 1891 2693 Cicero
1956 2624 2027 2691 in
2087 2625 2389 2693 sensibus
2436 2624 2681 2691 descri-

394 2732 625 2800 bendis
676 2732 980 2800 ordinem
1027 2732 1381 2799 admodum
1428 2730 1781 2819 repudiat5
1838 2729 2029 2797 velut
2074 2731 2156 2798 de
2204 2730 2411 2796 oculis
2458 2730 2683 2795 tribus

395 2836 672 2902 disserit
720 2836 1009 2917 diversis
1053 2837 1219 2901 locis
1267 2838 1329 2920 (ξ
1378 2837 1522 2900 140.
1574 2836 1718 2899 142.
1768 2834 1951 2918 145);

809 2985 1068 3052 Cicero.
2046 2980 2205 3065 Rec.

463 3108 670 3192 §140.
712 3108 925 3193 „Nam
951 3106 1127 3173 oculi
1147 3109 1517 3191 tamquam'
1667 3128 1720 3171 c.
1769 3106 1853 3171 29
1872 3104 1915 3169 ⁹.
2010 3102 2247 3187 „oculi,
2301 3105 2379 3169 ut
2425 3101 2683 3170 visibus

393 3212 850 3301 speculatores
927 3210 1331 3279 altissimum
1394 3210 1490 3276 lo-
1583 3209 1920 3292 serviant,
1998 3207 2509 3296 superciliorum
2572 3229 2681 3273 ex·

388 3340 535 3384 cum
565 3318 896 3406 optinent,
921 3340 1003 3383 ex
1035 3339 1166 3405 quo
1199 3315 1490 3404 plurima
1579 3314 1791 3382 cubiis
1842 3312 2201 3381 custoditi“
2251 3352 2337 3361 —
2381 3352 2467 3391 .—

389 3420 878 3509 conspicientes
939 3421 1322 3507 fungantur
1371 3402 1488 3486 suo

385 3527 735 3609 munere“;
786 3528 847 3611 (ἓ
883 3525 1060 3609 142).
1129 3525 1314 3609 §143
1357 3522 1490 3607 „la-

389 3633 542 3698 tent
587 3630 700 3716 (sc.
739 3630 938 3717 oculi)
970 3634 1331 3717 praeterea
1362 3628 1491 3693 uti-

385 3735 550 3809 liter
590 3738 662 3802 et
693 3735 973 3802 excelsis
1005 3734 1301 3821 undique
1331 3754 1488 3821 par-

385 3840 568 3907 tibus
663 3840 1082 3928 saepiuntur.
1189 3838 1488 3904 Primum

387 3936 562 4011 enim
595 3943 945 4031 superiora
967 3942 1348 4033 superciliis
1375 3943 1486 4008 ob-

386 4049 591 4116 ducta
659 4049 968 4117 sudorem
1027 4072 1068 4115 a
1128 4048 1351 4136 capite
1416 4050 1488 4113 et

383 4155 618 4221 fronte
686 4154 1091 4221 defluentem
1147 4152 1489 4239 repellunt

385 4296 730 4307 —u-—n—

492 4379 701 4425 Heintze.
2216 4359 2248 4408 2
