3357 5110
1529 429 1788 495 -28
1882 415 1985 477 -’

607 608 952 677 videamus
1002 607 1297 693 oportet,
1345 606 1579 670 utrum
1609 603 1874 691 reliqua
1903 602 2201 670 familiae
2239 606 2535 670 membra
2578 601 2900 670 fabellam

571 739 576 746 Χ
607 715 980 800 sequantur
1021 731 1248 777 necne.

605 967 667 1030 2.
760 963 875 1032 De
947 963 1391 1032 Clemente
1460 963 1771 1030 Niceta
1840 962 2163 1054 Aquila
2230 966 2315 1028 et
2386 960 2900 1048 anagnorisi

1147 1089 1152 1093 ·
1589 1067 1917 1135 Fausti.

780 1229 1028 1296 Petrus
1075 1231 1148 1295 et
1196 1228 1503 1296 Clemens
1549 1250 1702 1294 cum
1740 1225 2063 1293 Mattidia
2130 1227 2204 1292 in
2246 1226 2474 1294 insula
2516 1225 2751 1294 Arado
2796 1249 2900 1293 re-

606 1333 884 1422 cognita
926 1332 1330 1400 Laodiceam
1375 1332 1814 1420 perveniunt,
1884 1331 2001 1398 ubi
2046 1332 2295 1400 Niceta
2359 1334 2430 1398 et
2474 1331 2731 1419 Aquila
2790 1353 2901 1399 eos

607 1443 770 1506 ante
813 1443 1052 1527 portas
1099 1441 1432 1525 receptOS,
1498 1458 1699 1524 quam
1751 1437 2101 1504 mulierem
2146 1435 2453 1504 Clemens
2516 1459 2742 1503 secum
2784 1435 2901 1502 ha-

605 1547 787 1628 beat,
851 1544 1304 1629 interrogant.
1395 1541 1644 1609 Petrus
1689 1545 1933 1609 narrat
1989 1563 2160 1629 quae
2223 1540 2615 1625 acciderint,
2679 1544 2903 1608 mater
3000 1535 3006 1538 ’

607 1654 837 1718 autem
896 1649 1221 1715 Mattidia
1283 1648 1496 1714 abest.
1602 1647 1821 1729 Quam
1888 1646 1976 1715 ad
2040 1647 2467 1714 salutandam
2532 1646 2770 1714 statim
2831 1647 2903 1712 in

608 1755 1001 1833 cubiculum,
1046 1753 1164 1820 ubi
1206 1753 1332 1820 illa
1371 1753 1647 1835 dormit,
1692 1756 2054 1841 penetrare
2088 1753 2391 1819 student.
2481 1751 2617 1819 Sed
2646 1751 2900 1818 Petrus

608 1883 721 1926 eos
769 1858 1185 1946 aliquamdiu
1229 1859 1523 1952 retinet,
1588 1860 1670 1922 ut
1733 1857 2032 1924 mulieris
2100 1858 2394 1924 animum
2448 1863 2814 1944 praeparet
2835 1857 2901 1943 ¹).

782 1963 994 2032 Iuvat
1051 1963 1178 2030 hoc
1240 1963 1385 2029 loco
1435 1962 1803 2030 Clementis
1857 1983 2175 2051 personas
2239 1966 2623 2044 observare,
2688 1984 2903 2049 neque

605 2091 799 2136 nemo
864 2069 1174 2150 miratur,
1240 2067 1422 2155 quod
1465 2068 1727 2134 Niceta-
1775 2071 1846 2134 et
1892 2067 2147 2154 Aquila
2209 2088 2370 2134 non·
2400 2067 2905 2153 amplectuntur

593 2175 924 2258 fratrem,
999 2173 1413 2261 praesertim
1471 2196 1617 2240 cum
1686 2173 1805 2239 ille
1878 2173 2063 2240 adsit
2138 2174 2231 2257 (ιγ
2286 2172 2411 2259 2²4)
2479 2176 2550 2239 et
2614 2175 2905 2238 matrem

601 2280 924 2368 amplecti
969 2279 1261 2345 nondum
1306 2278 1532 2344 liceat.
1623 2277 1820 2344 Nihil
1868 2277 2193 2371 eiusmodi
2256 2278 2580 2370 audimus.
2670 2277 2896 2344 Incre-

599 2385 808 2452 dibile
857 2388 1081 2451 autem
1131 2386 1236 2450 est
1283 2383 1522 2450 auditu
1554 2383 1968 2451 Clementem
2015 2386 2086 2450 et
2131 2382 2384 2450 fratres
2432 2405 2516 2450 ne
2561 2388 2706 2449 tum
2755 2382 2896 2470 qui-

600 2490 750 2557 dem
797 2512 867 2557 se
931 2511 1425 2576 recognoscere,
1493 2512 1639 2555 cum
1683 2488 1971 2557 Nicetae
2035 2491 2109 2554 et
2149 2489 2445 2577 Aquilae
2495 2487 2773 2554 tandem
2817 2487 2897 2552 li-

601 2599 757 2664 ceat
814 2599 1105 2663 matrem
1164 2594 1484 2682 amplecti
1545 2594 1641 2681 (ιγ
1689 2596 1779 2660 6¹¹
1824 2626 1905 2650 =
1956 2594 2100 2659 VII
2132 2593 2263 2680 31¹)
2286 2587 2355 2677 Ξ).
2445 2592 2895 2680 Anagnorisis

601 2700 968 2768 Clementis
1015 2703 1088 2767 et
1131 2701 1445 2783 fratrum,
1512 2700 1817 2787 quamvis
1864 2699 2095 2765 fabula
2146 2700 2563 2769 inscribatur
2623 2699 2895 2782 ἀναγνω-

597 2812 820 2893 ρίσεις,
892 2806 1156 2872 omnino
1218 2827 1549 2893 nusquam
1611 2806 1991 2887 invenitur,
2064 2804 2184 2871 sed
2250 2804 2524 2871 silentio
2584 2807 2893 2892 praeter-

596 2911 922 2979 mittitur.
1014 2912 1385 2978 Auctorem
1418 2909 1852 2993 Clementem,
1902 2910 2094 2997 quasi
2138 2910 2655 2998 protagonisten
2700 2911 2893 2977 fabu-

595 3015 723 3100 lae,
785 3016 1082 3083 fratrum
1127 3016 1552 3102 anagnorisis
1598 3019 1945 3109 expe-rtem
1988 3016 2219 3081 facere
2265 3019 2337 3082 et
2382 3038 2525 3081 rem
2569 3014 2893 3103 gravissi-

591 3144 770 3187 mam
817 3121 1127 3189 oblivisci
1192 3121 1533 3208 explicare
1591 3143 1728 3186 non
1789 3142 2139 3208 possumus
2204 3120 2339 3186 nisi
2392 3142 2541 3187 cum
2585 3120 2890 3208 ponimus

593 3224 965 3291 Clementis
1040 3246 1396 3312 personam
1464 3226 1548 3291 ab
1615 3231 2075 3311 ἀναγνωρίσεων
2147 3224 2540 3291 narratione
2612 3247 2891 3313 prorsus

599 3330 1069 3396 secernendam
1115 3352 1280 3397 esse.

769 3435 956 3501 Haec
1001 3436 1342 3502 sententia
1388 3435 1523 3501 alio
1587 3458 1852 3522 quoque
1916 3434 2061 3501 loco
2127 3434 2649 3504 commendatur.
2744 3434 2891 3502 Cle-

593 3564 777 3607 mens
809 3540 1016 3608 Petro
1047 3540 1361 3609 narravit
1390 3544 1657 3627 patrem
1700 3539 2033 3607 desiderio
2080 3539 2440 3628 impulsum
2484 3540 2572 3627 ad
2614 3563 2890 3607 uxorem

595 3644 1046 3734 quaerendam
1089 3646 1308 3712 Roma
1355 3645 1629 3731 abiisse3
1701 3646 1987 3711 tertium
2046 3645 2278 3728 filium,
2345 3669 2540 3733 quem
2602 3647 2674 3711 in
2726 3647 2891 3711 urbe

594 3750 1028 3838 relinqueret,
1101 3772 1250 3815 eum
1294 3748 1660 3816 tradidisse
1722 3749 2063 3816 tutoribus
2128 3750 2558 3817 educandum.
2652 3750 2890 3817 Nonne

592 3855 835 3920 mirum
879 3854 1171 3937 videtur,
1240 3854 1417 3940 quod
1461 3855 1776 3937 FaustuS,
1844 3854 2111 3921 etiamsi
2155 3854 2547 3921 Mattidiam
2610 3857 2681 3921 61,
2726 3855 2889 3921 duos

593 3958 768 4025 filios
813 3959 1127 4025 interisse
1175 3981 1256 4025 ex
1300 3959 1693 4047 horoscopio
1740 3959 1813 4025 in
1844 3959 2081 4026 alienis
2114 3960 2317 4027 terris
2365 3960 2708 4047 comperit,
2756 3982 2890 4027 non

776 4201 828 4266 1)
869 4218 926 4269 ιγ
967 4203 994 4252 1
1018 4214 1136 4267 sqq.
1176 4224 1244 4247 =
1283 4198 1388 4253 VII
1426 4202 1494 4253 25
1517 4215 1634 4267 sqq.

771 4288 828 4357 2)
868 4288 1114 4343 Clemens
1155 4288 1406 4343 videlicet
1445 4287 1619 4342 eidem
1657 4288 1975 4357 anagnorisi
2010 4289 2244 4344 interest
2280 4291 2365 4361 (ιγ
2408 4290 2560 4359 1024).
