3357 5110
1379 397 1764 502 ...74

443 629 650 694 aegre
680 689 686 694 ⁸
716 606 1066 676 ferendum
1133 611 1272 690 est,
1341 608 1523 696 quod
1585 609 2097 698 insequentibus
2166 612 2501 700 capitibus
2556 613 2737 681 mala

444 711 769 798 quaedam
834 711 1177 778 adduntur
1224 711 1566 780 analecta:
1639 737 1693 780 c.
1743 713 1931 780 33¹·-3
1978 718 2002 796 (
2011 719 2281 798 „cetera
2344 715 2733 796 animfflia‘f)

445 821 517 884 et
562 839 614 882 c.
663 817 840 882 332⁴·
889 818 1209 902 (arboreS,
1273 816 1550 905 herbae)
1613 818 1702 885 ad
1748 823 1954 907 caput
1998 821 2083 886 25
2130 820 2491 888 referenda
2553 825 2733 888 sunt.

440 921 545 988 De
591 925 922 1009 quattuor
953 921 1531 990 vicissitudinibus
1564 925 1944 1012 temporum
1974 925 2053 1010 (c.
2089 925 2305 1010 334-7)
2333 925 2485 1000 ,iam
2530 928 2737 994 antea

443 1028 522 1112 (c.
570 1025 706 1108 22⁷)
768 1025 1211 1114 persimiliter
1273 1026 1699 1114 disputatum
1764 1032 1889 1096 est.
1996 1028 2285 1097 Accedit
2352 1030 2436 1098 de
2504 1029 2737 1096 mundi

444 1134 708 1198 aetate.
753 1132 1064 1220 quaestio
1137 1133 1217 1220 (c.
1280 1132 1623 1220 337—34‘3)
1645 1133 1713 1218 ¹).
1836 1133 2076 1201 Omnia
2149 1134 2275 1201 illa
2347 1136 2433 1201 ad
2510 1135 2736 1222 capita

445 1237 720 1324 egregie
764 1237 1097 1327 disposita
1158 1238 1332 1305 male
1393 1241 1553 1305 sunt
1597 1238 1847 1305 adsuta
1890 1260 2107 1326 neque
2167 1239 2395 1307 celant
2438 1240 2738 1327 vestigia
2785 1270 2791 1275 ·

441 1343 939 1410 retractatoris.
1039 1342 1177 1410 Sed
1243 1333 1450 1410 etiam
1514 1343 1619 1409 his
1686 1343 2053 1430 neglectiS‚
2124 1344 2498 1432 quicunque
2563 1345 2739 1412 hanc

441 1447 918 1536 providentiae
960 1447 1231 1515 laudem
1272 1447 1468 1534 legit,
1515 1449 1942 1542 recordatur,
2006 1471 2207 1536 quam
2250 1449 2542 1536 gloriam
2587 1449 2738 1537 ipsa

442 1552 878 1640 providentia
929 1555 1134 1620 antea
1179 1558 1538 1621 consecuta
1583 1553 1674 1620 sit
1721 1553 1900 1641 apud
1946 1553 2229 1622 Stoicos·
2320 1553 2773 1635 'testimonia

445 1658 650 1724 etiam
694 1658 1149 1744 posteriorum
1191 1661 1560 1745 auctorum,
1607 1658 1847 1746 quibus
1895 1659 2164 1742 utimur,
2210 1659 2336 1726 hoc
2379 1658 2557 1726 idem
2600 1659 2737 1726 cla-
2842 1738 2851 1758 .

446 1766 656 1830 mant.
2157 1779 2164 1785 '

499 1957 505 1962 .
617 1903 812 1970 Inter
860 1878 1038 1990 quae·
1078 1904 1326 2001 eminet
1371 1904 1552 1972 alter
1595 1904 1807 1987 liber,
1878 1927 2091 1992 quem.
2144 1859 2265 1990 „de
2326 1908 2579 1971 natura
2623 1904 2738 1971 de-

401 2065 408 2072 .
447 2009 672 2111 orum“
725 2009 1004 2097 scripsit
1050 2008 1449 2092 Cicer02).
1541 2009 1879 2077 Conducit
1920 2009 2096 2077 hunc
2136 2011 2541 2098 scriptorem
2586 2009 2737 2076 dili-

444 2112 717 2200 gentius
742 2135 891 2180 cum
919 2117 1158 2181 nostra
1187 2113 1270 2180 de
1299 2114 1741 2202 providentia
1772 2114 2236 2202 disputatione
2262 2136 2653 2202 comparare
2666 2114 2739 2200 3).

621 2253 872 2320 Balbus
922 2253 1188 2322 Stoicus
1236 2253 1697 2341 quaestionem
1742 2277 1930 2322 suam
1972 2255 2077 2322 ita
2130 2255 2393 2332 dividit,
2457 2263 2537 2322 ut
2598 2256 2738 2343 pri-

446 2381 623 2424 mum
687 2358 928 2427 doceat
985 2358 1145 2426 deos
1211 2381 1357 2427 esse
1418 2359 1522 2446 (ΙΙ
1567 2361 1604 2444 ξ
1648 2360 1930 2448 4—44),
1998 2360 2238 2436 deinde
2302 2361 2535 2448 quales
2602 2361 2743 2428 sint

447 2464 510 2550 (ξ
541 2463 846 2550 45-72),
893 2463 1180 2532 tertium
1209 2464 1526 2531 mundum
1560 2466 1642 2530 ab
1674 2465 1759 2531 iis
1795 2465 2262 2532 administrari
2292 2468 2356 2552 (ἓ
2388 2466 2741 2564 73-153),

450 2572 765 2657 quartum
811 2593 924 2637 eos
973 2569 1322 2637 consulere
1367 2573 1566 2638 rebus
1613 2572 1919 2639 humanis
1967 2574 2027 2658 (ἓ
2076 2572 2464 2657 154—167).

619 2691 734 2759 Ad
797 2693 1083 2779 primam
1144 2697 1413 2780 partem
1475 2696 1683 2761 affert
1731 2693 1968 2760 Cicero
2015 2697 2345 2781 quattuor
2392 2692 2741 2761 Cleanthis

451 2818 705 2879 causas,
754 2797 836 2863 de
883 2798 1122 2883 quibus
1177 2803 1526 2886 „quartam
1573 2838 1658 2847 --
1703 2838 1789 2846 —-
1838 2821 2001 2879 esse,
2055 2821 2331 2885 eamque
2376 2800 2488 2866 vel
2531 2800 2740 2867 maxi-

448 2896 642 2983 mam,
708 2902 1265 2989 aequabilitatem
1309 2906 1531 2970 motus
1579 2900 2222 2991 conversionumque
2281 2903 2479 2970 caeli:
2552 2903 2738 2985 soliS‚

449 2996 652 3071 lunae
698 3004 1124 3092 siderumque
1187 3006 1479 3074 omnium
1540 3005 2067 3091 distinctionem,
2133 3006 2526 3087 utilitatem,
2594 3007 2743 3094 pul-

449 3106 934 3191 chritudinem,
1003 3109 1301 3177 ordinem
1371 3113 1434 3195 (ἓ
1482 3110 1588 3195 15)
1606 3110 1678 3197 ⁴).
1794 3111 1905 3177 Ad
1977 3110 2253 3177 eandem
2323 3110 2673 3179 Cleanthis
2691 3111 2741 3196 ⁵)

632 3389 684 3443 1)
723 3385 972 3441 Eandem
1011 3388 1385 3454 quaestionem
1426 3394 1605 3443 movet
1645 3388 1886 3443 Velleius
1945 3394 2140 3461 contra
2178 3388 2461 3442 Platonem
2499 3388 2633 3455 (Cic.
2674 3387 2745 3441 de
2805 3374 2813 3381 ’

450 3478 564 3526 nat.
622 3471 770 3527 deor.
811 3474 837 3526 1
873 3475 904 3544 ξ
943 3478 1194 3543 20-22).
1269 3476 1447 3544 Philo,
1505 3477 1572 3531 de
1627 3477 1838 3546 provid.
1878 3478 1904 3530 Ι
1958 3479 1988 3544 ξ
2027 3481 2077 3532 6.
2152 3475 2478 3543 Wendland,
2534 3476 2745 3531 Philo's

379 3559 386 3563 ⁷
452 3560 664 3615 schrift
701 3562 837 3617 iiber
874 3562 964 3617 die
999 3564 1343 3634 Vorsehung.
1418 3566 1607 3621 Berlin
1653 3569 1804 3634 1892,
1850 3584 1903 3635 p.
1943 3570 1992 3620 4.

629 3654 686 3719 2)
727 3652 915 3707 Cicero
953 3652 1021 3707 de
1059 3660 1260 3709 natura
1299 3654 1524 3709 deorum
1561 3654 1643 3710 ed.
1685 3655 1971 3724 Plasberg.

629 3742 686 3811 3)
725 3742 1146 3797 Similitudinem
1197 3745 1648 3813 Recognitionum
1716 3750 1773 3799 et
1824 3746 2100 3799 Ciceronis
2161 3744 2369 3813 primus
2433 3743 2745 3797 observavit

452 3829 865 3886 WendlandiuS.

628 3922 686 3992 4)
727 3920 800 3975 cf.
829 3926 949 3977 Aet.
976 3923 1126 3978 Plac.
1163 3924 1188 3977 I
1227 3928 1277 3991 6,
1293 3928 1337 3999 2.
1363 3924 1520 3983 καλὸς
1558 3924 1611 3977 δὲ
1651 3924 1678 3979 ὁ
1718 3920 1931 3995 πέόσμος·
1973 3924 2126 3997 δῆλον
2165 3924 2217 3977 δὲ
2256 3926 2313 3977 ἐκ
2349 3929 2441 3977 τοῦ
2479 3926 2743 3996 σχήματος

450 4012 537 4063 καὶ
573 4016 664 4064 τοῦ
704 4014 979 4085 χρώματος
1036 4015 1123 4067 καὶ
1175 4019 1266 4067 τοῦ
1306 4012 1546 4085 μεγέθους
1583 4016 1670 4067 καὶ
1708 4020 1799 4086 τῆς
1836 4016 1948 4087 περὶ
1984 4015 2072 4067 τὸν
2127 4015 2321 4083 κόσμον
2374 4021 2478 4067 τῶν
2516 4015 2743 4085 ἀστέρων

449 4102 715 4160 ποικιλίας.

390 4234 394 4238 ,
629 4192 686 4261 5)
725 4190 844 4247 Hoc
891 4191 1156 4260 ‘probavit
1195 4192 1498 4261 Schmekel,
1555 4195 1759 4249 Philos.
1819 4194 1867 4247 d.
1927 4194 2089 4249 mittl.
2131 4195 2279 4249 Stoa.
2350 4192 2541 4246 Berlin
2589 4194 2742 4275 1392,

451 4296 504 4347 p.
544 4282 628 4334 89.
