3357 5110
1385 449 1823 515 ...11-

425 625 691 695 fflbilis
759 624 1125 692 multitudo
1189 623 1565 691 insatiabili
1652 643 1929 709 rumque
1976 621 2363 704 diversitaS,
2418 625 2559 689 tam
2606 643 2751 708 spe-

459 731 800 798 varietate
845 728 1318 816 distinguitur.
1521 797 1524 802 ,
1648 727 1749 794 cie
1794 726 2071 803 variata
2116 747 2317 814 quam
2362 725 2633 792 succis.“

460 835 657 902 Adde
731 836 861 902 huc
931 833 1224 901 fontium
1296 831 1561 919 gelidas
1711 845 1793 898 'c.
1838 831 1967 896 24¹.
2064 830 2283 915 „Quid
2329 830 2413 898 de
2446 824 2753 913 fontibus

458 941 947 1028 perennitateS,
993 977 1080 1032 ή-
1122 977 1210 986 —-
1554 930 1561 935 ’
1651 936 1943 1004 dicemus
1989 939 2064 1004 et
2106 935 2367 1019 fluviiS,
2432 935 2548 1023 qui
2601 957 2753 1022 per-

1651 1041 1809 1122 enni
1848 1040 1921 1106 in
1972 1061 2155 1108 mare
2188 1041 2411 1116 fluunt
2440 1038 2749 1107 meatu?“

461 1169 774 1215 saxorum
832 1147 1264 1235 asperitateS‚
1309 1146 1559 1232 impen·
1739 1169 1793 1212 c.
1826 1143 1959 1211 23³.
2042 1167 2233 1230 „nam
2263 1144 2441 1231 quod
2468 1143 2757 1212 interra

460 1252 764 1327 dentium
792 1252 1118 1320 montium
1155 1250 1557 1320 altitudines
1645 1253 1909 1317 montes
1991 1249 2241 1317 excelsi
2324 1249 2530 1326 certis
2609 1248 2753 1335 qui-

467 1397 554 1404 —
601 1360 722 1406 —-“
1540 1358 1545 1364 '
1648 1358 1908 1443 busque
1952 1353 2293 1422 habentur
2347 1353 2417 1432 in
2456 1351 2624 1434 locis
2668 1390 2755 1400 —

1746 1461 1775 1494 α

633 1581 1003 1669 Postquam
1049 1583 1332 1648 arbores
1379 1583 1585 1668 atque
1629 1580 1881 1647 herbae
1932 1579 2329 1646 illustratae
2394 1582 2584 1661 sunt,
2656 1602 2754 1647 se-

457 1693 761 1774 quuntur
806 1686 987 1774 apud
1028 1689 1394 1774 utrumque
1439 1688 1788 1752 auctorem
1832 1683 2200 1770 ‘bestiae
2244 1683 2405 1770 (Cic.
2454 1686 2491 1768 ξ
2538 1684 2623 1749 99
2672 1712 2753 1745 Ν

457 1790 620 1857 Rec.
669 1813 721 1859 c.
769 1791 930 1877 25b)‚
997 1791 1116 1856 sed
1160 1791 1283 1873 ita,
1343 1793 1424 1861 ut
1470 1789 1651 1877 apud
1697 1788 2090 1856 Ciceronem
2133 1788 2434 1856 varietas
2503 1810 2754 1874 gene—

458 1919 670 1978 rum,
715 1895 790 1961 in
817 1895 1423 1983 Recognitionibus
1455 1895 1759 1963 varietas
1804 1882 2455 1982 procreationis
2504 1893 2755 1960 descri-

457 2003 685 2067 batur.
777 1999 926 2066 Iam
971 2022 1146 2067 nunc
1188 2001 1516 2067 neminem
1561 2005 1730 2088 puto
1778 1999 2116 2082 dubitare,
2184 1997 2345 2085 quin
2390 1997 2754 2065 communis

459 2109 699 2172 auctor
759 2103 1105 2171 Ciceronis
1170 2107 1244 2171 et
1308 2104 1874 2191 Recognitionum
1937 2101 2283 2191 ponendus
2347 2102 2460 2190 sit.
2554 2101 2757 2189 Apud

457 2208 650 2275 illum
695 2231 1107 2276 communem
1149 2213 1494 2278 auctorem
1525 2208 1849 2276 facillime
1880 2207 1963 2274 de
1993 2206 2369 2274 bestiarum
2414 2206 2756 2274 varietate

464 2319 538 2381 et
609 2337 934 2402 generum
1010 2325 1081 2382 et
1148 2315 1641 2403 procreationis
1712 2313 2050 2402 disputari
2117 2315 2399 2402 poterat
2468 2334 2758 2400 casuque

465 2419 742 2500 accidit,
811 2423 894 2487 ut
938 2421 1120 2488 alter
1167 2424 1404 2487 auctor
1447 2441 1737 2506 genera,
1807 2419 1989 2486 alter
2038 2417 2579 2507 procreationem
2624 2439 2760 2483 ser-

463 2529 682 2593 varet.
776 2525 1140 2613 Ceteroqui
1185 2526 1268 2593 de
1305 2525 1851 2615 „procreatione“
1887 2523 2257 2593 bestiarum
2300 2522 2559 2591 accedit
2604 2543 2761 2609 gra-

466 2629 782 2697 vissimus
828 2631 1028 2725 testis
1049 2622 1322 2699 'Sextus
1367 2631 1769 2719 Empiricus.
1860 2629 2211 2697 Conferas.

729 2774 977 2842 Sextus
1025 2772 1100 2840 P.
1133 2774 1232 2841 H.
1279 2776 1339 2840 Ι.
1882 2757 1886 2761 ”
2139 2774 2299 2839 Rec.

555 2896 592 2979 ξ
637 2896 744 2960 41.
823 2900 960 2981 περὶ
1005 2901 1114 2981 μὲν
1163 2894 1266 2960 οὖν
1313 2900 1423 2969 τὰς
1465 2919 1571 2977 γε·
1748 2915 1801 2959 o.
1858 2894 2010 2959 25¹².
2134 2896 2434 2975 „mutato
2527 2892 2762 2958 ordine

469 3005 694 3082 νέσεις,
766 2992 858 3064 ὅτι
926 3011 1040 3064 τῶν
1108 3000 1276 3085 ζῴων
1307 3002 1410 3063 ’τὰ
1465 3004 1573 3084 μὲν
1661 3018 1875 3084 genus
1909 3019 2184 3065 servare
2214 2996 2419 3075 iussit
2462 2998 2574 3083 (sc.
2607 3020 2761 3085 pro-

467 3110 662 3193 χωρὶς
705 3106 933 3191 μίξεως
996 3110 1220 3188 γίνεται
1275 3110 1352 3171 τὰ
1397 3104 1450 3169 δ’
1497 3104 1570 3170 ἐκ
1659 3102 1991 3187 videntia)
2078 3103 2152 3169 in
2229 3102 2475 3185 terris,
2571 3104 2764 3170 verbi

469 3213 873 3298 συμπλοκῆς·
921 3215 1028 3275 καὶ
1072 3222 1187 3275 τῶν
1221 3214 1330 3295 μὲν
1376 3213 1570 3297 χωρὶς
1657 3208 1894 3296 gratia
1943 3211 2025 3275 ut
2085 3230 2210 3296 per
2255 3230 2327 3273 os
2377 3206 2765 3295 conciperet

466 3315 688 3403 μίξεως
762 3322 1087 3403 γινομένων
1160 3319 1236 3379 τὰ
1313 3320 1421 3401 μὲν
1499 3314 1573 3380 ἐκ
1661 3305 1933 3395 corvus,
2004 3348 2093 3362 -—
2161 3351 2238 3361 -
2309 3310 2604 3379 mustela
2676 3351 2763 3361 -

465 3425 656 3505 πυρὸς
721 3425 944 3503 γίνεται
1007 3419 1094 3493 ὣς
1163 3424 1237 3483 τὰ
1304 3419 1366 3483 ἐν
1431 3430 1570 3493 ταῖς
1657 3418 1960 3509 gallinae
2035 3456 2122 3465 -
2200 3456 2275 3467 -
2350 3416 2615 3504 lepores
2693 3419 2765 3483 et

470 3530 757 3612 καμίνοις
801 3530 1132 3613 φαινόμενα
1180 3520 1430 3612 ζωΰφια,
1496 3528 1573 3587 τὰ
1660 3520 1972 3609 hyaenae
2015 3561 2102 3571 —
2146 3560 2231 3571 —-

470 3629 527 3694 δ’
595 3628 658 3704 ἐξ
718 3627 941 3703 ὕδατος
1012 3632 1422 3718 φθειρομένου
1490 3626 1574 3702 ὣς
1660 3665 1751 3676 -
1794 3666 1881 3675 —-
1923 3666 1999 3675 —
2054 3666 2139 3675 --
2183 3664 2271 3673 --
2314 3663 2400 3674 --
2443 3664 2530 3675 .-.
2560 3664 2647 3676 -,
2678 3664 2764 3673 ,-

467 3739 780 3817 κώνωπες,
827 3739 900 3799 τὰ
947 3732 999 3797 δ’
1041 3732 1106 3807 ἐξ
1141 3733 1304 3799 οἴνου
1351 3756 1570 3819 τρεπο-
1659 3771 1747 3804 -,
1793 3772 1878 3781 --
1923 3770 2010 3780 -
2054 3770 2137 3779 -
2186 3770 2263 3780 -
2313 3769 2402 3779 -
2454 3768 2523 3777 -
2561 3769 2647 3802 -.-
2678 3766 2765 3779 —-

468 3842 655 3925 μὲνου
697 3837 784 3911 ὣς
829 3848 1082 3911 σκνῖπες
1136 3875 1223 3885 —
1265 3874 1353 3883 -—
1625 3894 1629 3897 .
1659 3872 2764 3885 —————————

466 3948 542 4008 τὰ
586 3937 636 4007 δ’
689 3941 760 4007 ἐκ
804 3942 988 4029 γῆςῑ)
1656 3941 1795 4008 alia
1839 3942 2047 4009 etiam
2115 3962 2199 4008 ex
2253 3944 2443 4007 terra
2506 3938 2762 4007 oriren-

649 4119 703 4187 1)
739 4118 858 4174 Hoc
893 4118 1016 4172 loco
1054 4117 1252 4172 statuit
1289 4117 1542 4171 lacunam
1578 4116 1869 4172 Fabricius
1908 4115 2115 4171 addens
2171 4118 2245 4175 ὡς
2283 4121 2379 4186 μῦς
2434 4114 2529 4185 (cf.
2570 4114 2761 4169 editio-

467 4223 590 4261 nem
626 4208 1056 4262 Mutschmannii
1109 4224 1161 4276 p.
1204 4210 1269 4259 14
1287 4209 1378 4273 23).
1455 4206 1563 4262 Sed
1608 4205 1761 4262 vides
1816 4206 2058 4261 fortasse
2114 4206 2187 4274 (si
2222 4205 2645 4273 Recognitioneu
2683 4220 2767 4259 se-

471 4296 710 4366 quimur)
747 4296 911 4350 aliter
949 4311 1072 4352 esse
1108 4293 1490 4365 supplendum.
