3357 5110
1575 425 1996 490 „26-

649 602 861 665 πλοῖον
907 597 1327 685 ἐμβαλόμενος
1377 597 1462 672 εἰς
1506 603 1617 673 τὰς
1653 597 1945 686 Ἀθήνας
1990 597 2121 686 ἅμα
2152 600 2759 687 παιδευθησομένους
2804 600 2940 674 ἐξὲ-

645 710 876 790 πεμψεν
922 705 1028 790 (ιβ
1075 704 1276 788 9²⁹)1).

819 807 1055 894 Neque
1118 807 1294 875 enim
1357 807 1649 874 absurde
1718 805 1883 872 mihi
1941 805 2178 874 videor
2242 811 2546 874 statuere
2604 809 2940 876 rationem

645 911 1070 980 intercedere
1128 913 1313 978 inter
1374 933 1648 994 „servos
1696 909 2042 997 proprios“
2096 912 2455 979 schematis
2501 917 2573 979 et
2624 918 2935 995 „servos“

646 1037 689 1083 a
718 1016 972 1084 Fausto
1005 1016 1366 1083 Mattidiae
1411 1015 1789 1084 adiunctos.
1860 1014 2008 1083 Hoc
2054 1015 2111 1082 si
2156 1015 2305 1104 quis
2354 1014 2679 1100 concedit,
2726 1017 2941 1084 multo

647 1122 860 1208 magis
925 1124 1445 1189 consentaneum
1511 1120 1702 1187 ducit
1758 1119 2090 1188 Faustum
2156 1121 2383 1188 dicere
2442 1123 2549 1190 IX
2580 1124 2692 1189 32⁶
2765 1123 2943 1208 „scio

647 1248 727 1292 ea
772 1247 942 1313 quae
986 1224 1346 1312 unicuique
1407 1229 1715 1292 nostrum
1782 1225 2089 1292 dictabat
2149 1227 2418 1313 genesis
2464 1228 2801 1313 accidisse,
2868 1232 2941 1295 et

647 1334 731 1399 ab
778 1332 882 1400 his
932 1353 1102 1419 quae
1146 1334 1346 1398 rebus
1409 1334 1483 1398 et
1543 1332 1857 1419 operibus
1914 1337 2263 1420 comperta
2316 1336 2473 1400 sunt
2520 1335 2700 1418 mihi,
2764 1357 2942 1402 nunc

648 1438 762 1522 (sc.
809 1439 967 1523 post
1010 1439 1152 1502 tres
1213 1435 1296 1502 de
1358 1435 1588 1523 genesi
1649 1436 2147 1524 disputationes
2172 1437 2213 1522 Ξ)
2280 1438 2506 1506 verbis
2569 1439 2941 1506 transferri

646 1565 782 1609 non
825 1544 1132 1629 possum“
1159 1541 1256 1635 ²).·
1317 1540 1720 1628 Inopinatus
1766 1545 1969 1628 pater
2031 1542 2119 1628 (si
2163 1547 2351 1616 recte
2396 1545 2740 1631 putamus)
2793 1544 2939 1631 ipse

647 1646 734 1714 ad
778 1646 1058 1734 genesin
1101 1645 1577 1733 perficiendam
1621 1646 2095 1733 gravissimum
2141 1647 2423 1716 tribuit:
2482 1671 2754 1731 „servos
2786 1672 2942 1736 pro-

647 1755 900 1842 prios“.
1008 1754 1239 1822 Facile
1303 1753 1490 1822 credi
1555 1758 1790 1843 potest
1854 1757 2179 1823 Faustum
2241 1756 2485 1824 deinde
2556 1758 2629 1823 in
2702 1757 2946 1825 alienis

647 1860 790 1927 illis
849 1861 1058 1928 terris
1123 1860 1567 1927 miserrimam
1631 1861 1848 1928 vitam
1910 1848 2117 1946 agere
2177 1859 2496 1928 maluisse
2559 1884 2757 1948 quam
2817 1862 2945 1930 hoc

647 1965 796 2032 fato
858 1969 1198 2052 comperto
1258 1965 1525 2031 domum
1586 1965 1826 2032 redire.
1930 1965 2316 2034 Invenimus
2381 1988 2605 2033 senem
2670 1966 2946 2034 sordida

649 2072 841 2136 veste
885 2069 1195 2136 indutum
1241 2072 1338 2156 (ιδ
1383 2065 1492 2153 3³³,
1539 2071 1672 2156 2¹⁸),
1736 2093 1883 2137 cum
1928 2073 2132 2138 antea
2174 2071 2392 2136 fuerit
2448 2070 2512 2136 ἐν
2558 2074 2761 2158 πολλῇ
2812 2075 2947 2156 βίου

651 2181 964 2261 περιουσίᾳ
1010 2177 1091 2260 (c.
1145 2175 1234 2262 3¹)
1252 2175 1323 2262 ⁸).

825 2281 925 2347 Ut
971 2281 1207 2348 statim
1252 2280 1335 2348 de
1380 2282 1528 2368 ipso
1557 2280 1920 2348 Mattidiae
1962 2280 2299 2346 schemate
2334 2302 2549 2368 pauca
2578 2280 2946 2366 disputem:

651 2385 799 2452 veri
844 2384 1254 2452 simillimum
1297 2389 1499 2474 putet
1542 2385 1873 2475 quispiam
1943 2385 2460 2467 „christianum'“
2522 2383 2695 2451 illud
2746 2385 2945 2451 horo·

653 2489 947 2579 scopium
992 2489 1065 2557 in
1110 2490 1429 2559 fabellam
1473 2490 1857 2575 inseruisse,
1918 2512 2047 2578 quo
2080 2475 2363 2558 'facilius
2422 2494 2662 2579 postea
2706 2492 2950 2557 contra

655 2595 1100 2682 astrologiam
1161 2597 1502 2684 disputari
1561 2597 1797 2685 possit.
1889 2596 2037 2664 Hoc
2086 2598 2146 2663 si
2188 2596 2292 2663 ita
2336 2618 2411 2663 se
2453 2596 2678 2679 habet,
2732 2595 2949 2679 „chri-

653 2702 951 2769 stianus“
1015 2705 1236 2769 totam
1293 2702 1616 2769 fabellam
1674 2702 1855 2768 haud
1914 2702 2116 2769 dubio
2160 2724 2445 2789 prorsus
2490 2700 2788 2767 mutavit
2832 2698 2948 2767 vel

651 2806 880 2896 potius
949 2808 1221 2875 evertit.
1330 2806 1636 2874 Concedo
1706 2807 1830 2873 hoc
1902 2807 2056 2874 fieri
2130 2807 2469 2894 potuisse,
2546 2826 2945 2893 quamquam

651 2911 865 2979 multo
927 2912 1256 3000 graviora
1300 2911 1598 2999 vestigia
1655 2912 1820 2979 talis
1889 2912 2287 2980 mutationis
2334 2910 2628 2978 inveniri
2672 2932 2946 2977 consen-

652 3020 926 3083 taneum
971 3020 1096 3083 est.
1189 3002 1371 3099 Quid
1415 3017 1696 3083 autem?
1760 3017 1938 3105 quod
2000 3017 2265 3083 schema
2309 3015 2669 3083 Mattidiae
2729 3014 2947 3080 multo

651 3121 890 3187 melius
937 3121 1024 3188 ad
1067 3121 1284 3207 ipsam
1330 3120 1652 3187 fabellam
1699 3120 2017 3189 convenit
2073 3142 2273 3207 quam
2316 3120 2402 3186 ad
2449 3119 2946 3209 disputationes

654 3225 1092 3313 astrologiae.
1154 3226 1327 3291 Fere
1371 3224 1548 3291 idem
1591 3225 2060 3311 horoscopium
2099 3228 2304 3311 atque
2336 3224 2696 3291 Mattidiae
2742 3227 2948 3290 antea

655 3328 890 3397 mediis
951 3330 1022 3395 in
1083 3328 1658 3417 disputationibus
1708 3352 1748 3397 a
1792 3329 2051 3397 Fausto
2098 3331 2389 3397 affertur
2449 3329 2519 3395 in
2564 3329 2789 3415 capite
2837 3329 2918 3393 17
2928 3327 2949 3366 ²

653 3434 814 3502 libri
861 3434 968 3500 IX
983 3435 1068 3517 ⁴):

840 3577 892 3646 1)
931 3601 999 3623 =
1039 3576 1224 3631 V119¹
1269 3576 1572 3646 „adiunctis
1625 3577 1797 3632 servis
1837 3582 1893 3630 et
1932 3576 2197 3630 ancillis“.
2272 3576 2456 3630 Etiam
2494 3574 2562 3629 de
2597 3574 2726 3628 ficto
2776 3574 2951 3627 amico

656 3668 823 3735 (quae
875 3670 961 3719 est
1005 3665 1247 3720 inventio
1287 3666 1672 3733 Homiliarum)
1711 3666 1950 3720 Faustus
1999 3666 2119 3734 ipse
2170 3670 2394 3718 narrat:
2449 3664 2630 3723 αὐτοὺς
2678 3663 2949 3735 παιδευθη-

660 3757 896 3823 σομένους
935 3755 1004 3812 εἰς
1041 3755 1129 3812 τὰς
1158 3752 1391 3826 Ἀθήνας
1429 3755 1701 3825 ἐξέπεμψεν
1738 3756 1825 3807 σὺν
1864 3762 1924 3827 τῇ
1966 3755 2119 3826 μητρὶ
2155 3756 2242 3806 καὶ
2278 3753 2473 3812 δούλοις
2510 3754 2593 3822 (ιδ
2632 3755 2753 3821 7²⁴).

836 3844 894 3913 2)
933 3843 1090 3897 Hanc
1127 3843 1397 3899 rationem
1437 3844 1835 3914 „christianus“
1877 3843 2095 3898 omnino
2132 3843 2402 3911 neglexit3
2442 3858 2549 3912 quo
2578 3842 2661 3907 fit,
2693 3848 2757 3897 ut
2793 3856 2952 3897 nemo

660 3931 1088 4000 comprehendat
1124 3932 1389 3987 Faustum
1440 3933 1629 3988 uxoris
1681 3934 1902 3987 schema
1956 3931 2130 3987 fuisse
2167 3948 2353 3987 verum
2392 3933 2589 3987 iterum
2628 3947 2691 3986 ac
2730 3931 2951 3999 saepius

654 4021 829 4088 ipsius
871 4021 1207 4076 conscientia
1245 4022 1582 4078 confirmare.

837 4111 894 4179 3)
930 4110 1014 4165 De
1060 4111 1348 4165 itineribus
1408 4112 1523 4166 eius
1579 4111 1893 4180 fragmenta
1948 4111 2017 4167 ab
2068 4110 2321 4175 Homiliis
2374 4116 2593 4166 servata
2642 4116 2800 4179 sunt,
2856 4110 2954 4164 ubi

660 4200 908 4254 Seleucia
946 4206 1277 4255 memoratur
1313 4201 1399 4272 (ιδ
1435 4203 1557 4271 7³⁸).

835 4290 891 4359 4)
933 4290 1014 4344 lbi
1052 4296 1107 4345 et
1144 4290 1498 4360 sequentibus
1536 4292 1592 4344 in
1631 4292 1905 4359 capitibus
1945 4291 2118 4346 multa
2155 4291 2435 4345 schemata
2472 4294 2878 4344 enumerantur.
