3357 5110
1620 437 2055 502 ..22-

663 612 1005 680 fratris
1050 611 1446 694 mariti1).
1537 611 1756 698 Atqui
1800 610 2117 694 FaustuS‚
2183 630 2382 698 quam
2440 611 2702 676 rectum
2752 611 2962 696 atque

665 741 898 787 verum
945 717 1116 811 illud
1172 717 1402 786 uxoris
1467 715 1732 784 schema
1793 715 2027 799 fuerit,
2096 714 2323 784 verbis
2390 713 2772 803 exprimere
2824 733 2963 780 non

665 826 914 911 potest,
986 823 1149 909 quin
1208 820 1414 889 etiam
1474 824 1628 910 post
1675 824 1821 888 tres
1868 820 1949 886 de
2012 819 2249 908 genesi
2305 818 2672 887 refutanda
2734 817 2961 906 dispu-

668 928 966 994 tationes
1011 927 1432 995 acutissimas
1494 925 1835 992 affirmat:
1904 945 1985 1008 „a
2028 924 2305 1012 propria
2350 923 2760 991 conscientia
2801 947 2962 1012 pro-

666 1032 903 1100 hibeor
949 1032 1448 1100 accommodare
1493 1031 1927 1098 consensum“
1975 1029 2109 1118 (IX
2154 1029 2320 1116 32⁴).
2508 1116 2517 1122 -

840 1138 1036 1206 Duae
1078 1138 1299 1225 igitur
1343 1137 1731 1204 afferuntur
1778 1158 2036 1220 causae,
2086 1135 2323 1223 quibus
2363 1133 2724 1203 Mattidiae
2770 1135 2963 1202 adul-

668 1243 919 1313 terium
952 1243 1428 1310 confirmatur:
1474 1239 1947 1328 horoscopium
1993 1244 2067 1307 et
2110 1241 2445 1307 calumnia
2478 1239 2741 1308 fratris.
2828 1239 2963 1307 Sed
3015 1244 3023 1250 '

669 1350 742 1415 in
784 1347 1184 1434 horoscopio
1231 1345 1402 1415 nihil
1446 1345 1528 1413 de
1579 1345 1842 1429 „fratre
1877 1345 2173 1427 mariti“‚
2220 1345 2292 1410 in
2336 1345 2671 1412 calumnia
2714 1345 2957 1412 fratris

669 1452 842 1520 nihil
885 1452 970 1533 de
1018 1473 1256 1537 „servo
1291 1451 1604 1538 proprio“
1656 1449 1926 1517 dicitur.
2005 1450 2253 1518 Altera
2296 1451 2476 1517 haud
2517 1450 2717 1518 dubie
2762 1471 2966 1518 causa

669 1558 962 1625 alteram
1008 1557 1327 1638 excludit,
1390 1578 1608 1643 neque
1652 1557 1806 1624 fieri
1847 1558 2097 1643 potest,
2163 1555 2325 1642 quin
2372 1558 2749 1623 statuamus
2797 1555 2964 1650 duas
2996 1613 3003 1618 .

670 1660 1018 1729 versiones
1067 1661 1558 1729 contaminatas
1606 1683 1797 1728 esse:
1852 1725 1856 1728 .

846 1767 910 1850 1)
957 1766 1280 1833 Mattidia
1323 1788 1374 1833 a·
1409 1765 1629 1832 fratre
1672 1765 1908 1834 mariti
1951 1769 2181 1833 amata
2212 1766 2449 1854 fugere
2477 1764 2718 1831 maluit
2764 1786 2966 1851 quam

673 1856 1000 1939 familiam
1072 1871 1555 1939 nobilissimam
1624 1870 1926 1938 foedare.
2048 1871 2275 1954 Quare
2352 1870 2676 1937 somnium
2744 1869 2963 1936 finxit.

671 1977 1040 2063 Postquam
1084 1977 1394 2064 profecta
1439 1980 1566 2060 est,
1611 1977 1841 2044 frater
1888 1997 2034 2044 eam
2086 1975 2267 2063 apud
2310 1975 2627 2042 maritum
2671 1978 2964 2060 accusat.

847 2081 914 2166 2)
959 2081 1282 2149 Mattidia
1325 2081 1556 2170 aliqua
1603 2081 1686 2148 de
1732 2102 1934 2148 causa
1998 2080 2383 2166 emigravit.
2473 2080 2787 2159 Maritus,
2851 2078 2967 2167 qui

674 2183 922 2254 multos
969 2197 1178 2253 annos
1221 2185 1394 2252 nihil
1437 2187 1520 2253 de
1552 2209 1761 2254 uxore
1800 2186 2087 2270 audivit,
2136 2185 2588 2273 proficiscitur
2632 2185 2720 2251 ad
2763 2205 2965 2272 quae-

673 2290 977 2358 rendum.>
1088 2291 1360 2359 Alicubi
1427 2292 1501 2359 in,
1563 2291 1802 2358 alienis
1866 2290 2074 2358 terris
2166 2291 2249 2357 de
2312 2291 2545 2368 uxoris
2632 2291 2970 2358 schemate

675 2396 930 2465 certior
974 2395 1198 2463 factus
1262 2395 1394 2463 iam
1443 2399 1574 2466 scit
1617 2419 1765 2464 eam
1830 2394 2305 2482 emigravisse,
2375 2403 2457 2462 ut
2502 2417 2697 2462 servo
2742 2399 2970 2462 amato

678 2505 984 2572 nuberet.

852 2610 1056 2676 Prior
1102 2610 1324 2677 versio
1386 2615 1576 2678 estne
1635 2614 1801 2700 apta
1846 2611 1934 2679 ad
1979 2611 2307 2699 reliquam
2350 2610 2697 2677 fabulam?
2770 2608 2971 2677 Post-

679 2736 876 2801 quam
921 2737 1096 2781 uxor
1141 2737 1290 2783 cum
1332 2716 1494 2783 filiis
1539 2715 1849 2783 Athenas
1910 2717 2225 2805 profecta
2271 2720 2395 2794 est,
2454 2716 2681 2783 frater
2726 2716 2971 2783 marito

675 2824 920 2887 narrat
965 2842 1035 2887 se
1081 2843 1122 2887 a
1162 2820 1486 2888 Mattidia
1528 2821 1963 2889 vehementer
2027 2808 2325 2890 amatum
2386 2823 2467 2887 ob
2533 2822 2968 2909 opprobrium

677 2924 978 2992 familiae
1022 2926 1376 2993 vitandum
1435 2948 1731 2993 amorem
1792 2925 2221 3015 repudiasse3
2293 2916 2500 2994 ea'de
2547 2948 2751 2995 causa
2772 2931 2774 2933 ’
2794 2926 2971 2993 Mat-

676 3030 917 3097 tidiam
985 3031 1442 3117 emigravisse.
1568 3032 1867 3099 Faustus
1936 3032 2156 3119 igitur
2223 3031 2583 3099 Mattidiae
2651 3031 2975 3099 adulterii

680 3134 1028 3201 consilium
1091 3136 1266 3201 sciat
1328 3158 1492 3224 opus
1553 3140 1681 3203 est.
1771 3137 1991 3223 Atqui
2049 3138 2155 3203 his
2216 3136 2581 3224 compertis
2638 3134 2973 3203 desiderio

679 3237 976 3305 lascivae
1022 3240 1456 3306 mulierculae
1501 3241 1871 3324 tabescens,
1941 3249 2302 3329 postquam
2344 3242 2602 3309 Romae
2648 3244 2977 3329 quattuor

563 3426 566 3429 ῃ
681 3365 892 3410 annos
942 3365 1154 3433 paene
1201 3344 1448 3411 cotidie
1509 3346 1785 3413 nuntios
1844 3348 2289 3433 exspectavit,
2353 3346 2591 3415 vultne
2635 3349 2973 3433 postremo

680 3452 906 3517 terras
977 3452 1050 3517 et
1112 3449 1329 3517 maria
1373 3472 1740 3538 peragrare
1786 3452 1876 3518 ad
1932 3474 2207 3518 uxorem
2255 3450 2748 3541 quaerendam?
2834 3451 2974 3517 Ab·

683 3554 961 3621 surdum
1025 3558 1159 3637 est,
1224 3556 1629 3642 praesertim
1698 3579 1845 3622 cum
1904 3557 2353 3635 recordemur,
2423 3556 2973 3643 quemadmodum

681 3660 884 3747 paulo
953 3662 1113 3725 ante
1180 3663 1380 3747 pater
1424 3661 1683 3727 Romae
1746 3683 1925 3728 vana
1988 3684 2103 3749 spe
2165 3662 2459 3728 iactatus
2515 3661 2821 3749 depictus
2884 3660 2978 3727 sit

683 3764 796 3846 (cf.
859 3786 1062 3852 supra
1111 3787 1174 3853 p.
1209 3764 1316 3846 20)
1336 3789 1350 3850 ;
1419 3764 1609 3831 illam
1673 3766 1939 3854 quidem
2009 3766 2528 3854 descriptionem
2590 3788 2781 3833 nemo
2849 3763 2979 3831 tali

833 3940 886 4009 1)
924 3941 1167 3995 Celerius
1221 3957 1382 4008 quam
1432 3942 1488 3996 in
1526 3942 1777 3997 Homiliis
1831 3942 1985 3998 fraus
2040 3944 2317 4012 detegitur
2366 3944 2423 3998 in
2461 3942 2977 4011 Recognitionibus:

1165 4032 1320 4086 Hom.
2322 4034 2452 4087 Rec.

756 4118 933 4175 frater
970 4121 1217 4174 narravit
1253 4125 1316 4174 τὰ
1351 4126 1484 4176 κατὰ
1519 4124 1606 4176 τὸν
1639 4122 1795 4194 αὐτῆς
1942 4122 2152 4191 „frater
2190 4121 2393 4188 dicens,
2456 4119 2601 4188 quod
2638 4119 2813 4186 primo
2864 4114 2980 4181 qui·

686 4210 867 4282 ἔρωτα.
941 4210 1160 4263 Incerta
1197 4210 1369 4278 igitur
1421 4217 1505 4265 est
1543 4212 1796 4267 elocutio.
1872 4210 1993 4266 dem
2049 4212 2228 4281 ipsum
2283 4214 2382 4282 (sc.
2423 4211 2676 4277 fratrem)
2732 4204 2980 4259 adamas·
3081 4255 3085 4260 .

1871 4305 2005 4357 set.“
