3357 5110
1563 443 2115 521 -12-'

1828 635 1947 698 tur
1992 634 2198 718 atque
2228 631 2384 699 inde
2415 636 2755 699 sumerent
2785 653 2929 700 car-

1830 758 1999 820 nem,
2046 739 2128 803 ut
2172 737 2402 824 talpae

637 845 712 905 τὰ
760 841 814 905 δ’
863 839 928 914 ἐξ
975 839 1149 915 ἰλὺος
1180 839 1267 914 ὡς
1299 845 1620 929 βάτραχοι,
1666 846 1742 906 τὰ
2175 844 2179 850 ’

640 947 692 1008 δ’
744 944 818 1011 ἐκ
889 947 1182 1031 βορβόρου
1249 944 1336 1019 ὡς
1394 949 1741 1032 σκώληκες,

633 1055 710 1114 τὰ
743 1073 748 1077 ·
779 1049 836 1114 δ’
896 1049 960 1124 ἐξ
1025 1051 1178 1134 ὄνων
1239 1052 1353 1134 (sc.
1418 1051 1741 1136 βορβόρου)
1828 1050 1983 1118 alia·
2011 1073 2094 1119 ex
2138 1051 2292 1118 fimo
2331 1053 2548 1135 boum,
2593 1054 2676 1118 ut
2706 1073 2928 1119 scara-

635 1153 720 1228 ὡς
765 1158 1074 1240 κάνθαροι
1829 1156 1980 1222 baei
2972 1245 2975 1248 ἦ

637 1259 814 1324 ταδ’
859 1259 934 1324 ἐκ
983 1261 1272 1346 λαχάνων
1319 1257 1404 1333 ὡς’
1451 1264 1693 1346 κάμπαι
1824 1259 1961 1327 alia
2009 1283 2092 1327 ex
2135 1259 2393 1344 herbis„
2461 1267 2540 1328 ut
2587 1261 2667 1328 de
2715 1261 2923 1329 ocimo
2970 1278 2978 1284 ‘

632 1367 708 1428 τὰ
754 1363 808 1428 δ’
853 1363 926 1430 ἐκ
973 1377 1225 1449 καρπῶν
1273 1363 1356 1438 ὣς
1401 1361 1457 1428 οἱ
1500 1363 1573 1430 ἐκ
1619 1377 1733 1430 τῶν
1826 1352 2131 1454 scorpius

631 1467 874 1554 ἐρινεῶν
921 1465 1127 1556 ψῆνες,
1459 1541 1464 1546 ,

629 1577 708 1638 τὰ
755 1572 808 1637 δ’
857 1573 930 1639 ἐκ
993 1579 1159 1659 ζῴων
1224 1581 1580 1662 σηπομένων
1645 1574 1731 1649 ὣς
1819 1574 1957 1643 alia
2002 1598 2086 1642 ex
2148 1575 2553 1662 putrefactis
2584 1576 2921 1658 carnibuS,
3016 1660 3021 1666 '

630 1680 916 1765 μέλισσαι
991 1682 1226 1764 ταὺρων
1303 1684 1410 1744 καὶ
1495 1691 1733 1769 σφῆκες
1820 1683 1904 1747 ut
1975 1703 2222 1769 vespae
2299 1680 2567 1769 quidem
2641 1681 2917 1768 equinis,

625 1781 843 1848 ἵππων.
1817 1807 1976 1873 apes
2021 1789 2248 1853 autem
2293 1785 2620 1856 bubulis?

799 1937 957 2006 Non
999 1959 1262 2021 vereor,
1309 1960 1395 2005 ne
1437 1935 1588 2026 quis
1635 1938 1923 2022 dubitet,
1970 1963 2129 2006 num
2172 1939 2422 2008 Sextus
2469 1945 2542 2008 et
2588 1939 2935 2026 Recognis

623 2042 843 2109 tiones
913 2043 1194 2130 eundem
1261 2047 1630 2131 excerpant
1698 2049 2059 2112 auctorem.
2174 2045 2567 2134 Ubicunque
2642 2045 2915 2113 diversa

624 2150 1010 2228 occurrunt,
1076 2152 1198 2215 aut
1245 2148 1494 2216 Sextus
1540 2148 1687 2236 ipse
1730 2151 2058 2218 nonnulla
2104 2173 2188 2218 ex
2234 2150 2479 2218 studiis
2546 2149 2682 2217 suis
2728 2149 2955 2218 addi-s

621 2252 728 2319 dit
772 2252 884 2320 vel
929 2253 1234 2319 correxit
1277 2257 1400 2320 aut
1450 2251 1860 2337 „historiae“
1910 2256 2023 2324 vel
2065 2255 2631 2344 Recognitionum
2674 2259 2916 2323 auctor

618 2357 1066 2444 neglegenter
1111 2358 1414 2424 rettulit.
1507 2359 1674 2425 Cum
1718 2362 1874 2427 tota
1919 2360 2314 2446 compositio
2360 2359 2548 2427 illius
2594 2361 2727 2427 loci
2769 2363 2919 2426 tum

617 2462 765 2549 ipse
811 2463 1171 2530 verborum
1219 2466 1578 2530 concentus
1625 2462 1824 2531 docet
1871 2487 2282 2531 communem
2344 2488 2487 2532 esse
2534 2464 2916 2553 ponendum

617 2571 984 2635 auctorem.
1079 2567 1243 2649 Quis
1288 2568 1406 2635 ille
1455 2568 1687 2651 fuerit,
1751 2592 1888 2649 non
1928 2571 2062 2637 iam
2118 2569 2391 2637 dubium
2454 2594 2599 2639 esse
2646 2575 2910 2659 potest:

616 2672 793 2739 idem
839 2674 954 2761 qui
1000 2674 1364 2763 communis
1413 2680 1521 2742 est
1552 2676 1897 2742 Ciceronis
1932 2688 2003 2743 et
2036 2675 2602 2772 Recognitionum
2647 2679 2909 2743 auctor.

616 2776 898 2844 Sextum
960 2784 1187 2846 autem
1248 2780 1520 2848 novisse
1584 2780 1932 2849 Posidonii
1991 2781 2239 2848 librum
2300 2786 2438 2867 περὶ
2498 2785 2665 2847 θεῶν
2725 2780 2911 2848 inter

616 2904 842 2950 omnes
890 2888 1162 2953 constat
1182 2885 1242 2973 ¹),
1305 2889 1376 2953 et
1422 2890 1628 2955 antea
1673 2910 1757 2954 ex
1801 2887 2368 2976 Recognitionum
2414 2888 2749 2976 capitibus
2794 2888 2909 2953 20¹³

615 2990 687 3055 et
732 2988 816 3052 22
863 2989 1390 3056 concludendum
1435 2996 1592 3058 erat
1638 3014 2048 3060 communem
2076 2998 2418 3061 auctorem
2452 2992 2795 3059 Ciceronis
2836 2995 2910 3055 et

613 3091 1178 3177 Recognitionum
1246 3094 1460 3161 fuisse
1525 3095 1993 3179 Posidonium;
2074 3118 2237 3181 ergo
2315 3098 2504 3161 recte
2580 3092 2909 3178 suspicati

613 3217 840 3261 sumus
887 3196 960 3261 in
1004 3196 1350 3263 Posidonii
1415 3198 1591 3264 libro
1638 3198 1724 3265 de
1772 3200 2139 3265 bestiarum
2184 3198 2522 3265 varietate
2587 3200 2659 3261 et
2702 3200 2905 3280 gene'-

611 3321 759 3365 rum
803 3299 964 3385 (Cic.
1011 3300 1084 3366 II
1131 3303 1168 3385 ἓ
1215 3302 1325 3389 99)
1371 3305 1447 3369 et
1486 3302 1982 3389 'procreationis
2030 3304 2213 3389 (Rec.
2245 3300 2425 3368 VIII
2448 3299 2561 3363 25¹>
2610 3324 2690 3358 Ν
2740 3296 2902 3364 Sex-

610 3407 721 3470 tus
768 3405 844 3471 P.
881 3405 968 3472 H.
1015 3406 1053 3472 1
1098 3409 1135 3491 ἓ
1184 3406 1296 3491 41)
1340 3406 1761 3493 disputatum
1806 3429 1975 3474 esse.
2850 3484 2855 3487 ,
2924 3438 2927 3441 ’

783 3510 930 3577 Iam
997 3510 1293 3578 facultas
1364 3510 1572 3577 datur
1641 3511 2115 3599 cognoscendi,
2185 3511 2602 3599 quantopere
2661 3506 2898 3575 Cicero

609 3616 1118 3703 dispositionem
1181 3615 1528 3701 neglegat.
1621 3617 2129 3704 consequenter
2190 3613 2456 3702 quidem
2511 3613 2769 3679 transit
2812 3614 2900 3679 ad

604 3719 940 3785 hominem
1006 3719 1226 3806 ipsum
1289 3719 1528 3786 itidem
1579 3724 1784 3808 atque
1830 3720 2355 3807 Recognitiones
2418 3718 2575 3805 post
2618 3717 2893 3783 arbores

605 3822 853 3890 herbas
944 3821 1198 3888 bestias
1289 3825 1618 3892 accedunt
1705 3826 1791 3894 ad
1880 3820 2207 3891 hominem
2313 3820 2893 3909 contemplandum

605 3932 688 4010 (c.
735 3926 821 3991 28
845 3926 1034 4015 sqq.).
1128 3926 1365 3995 Cicero
1412 3930 1686 4017 incipit:
1742 3929 1959 4013 „Quid
1988 3931 2122 3997 iam
2154 3930 2236 3996 de
2266 3927 2603 3996 hominum
2647 3946 2895 4011 genere

603 4032 905 4099 dicam?“
955 4033 1018 4120 (ξ
1066 4032 1227 4118 99¹³).
1318 4033 1455 4101 Sed
1497 4057 1833 4123 perpauca
1881 4040 2041 4102 sunt
2084 4040 2292 4122 atque
2338 4054 2435 4115 ea,
2494 4052 2665 4118 quae
2694 4050 2893 4096 accu-

785 4213 838 4283 1)
875 4212 1034 4281 Quod
1089 4229 1157 4268 ex
1211 4231 1355 4269 nono
1413 4215 1534 4269 adv.
1593 4216 1761 4271 math.
1819 4216 2027 4285 scripto
2083 4215 2225 4270 libro
2285 4218 2413 4283 post
2470 4209 2897 4274 Wendlandium

599 4303 792 4372 (Arch.
830 4302 870 4356 f.
897 4303 1090 4357 Gesch.
1119 4302 1170 4358 d.
1198 4305 1339 4359 Phil.
1380 4322 1432 4374 p.
1460 4308 1566 4359 405
1581 4308 1686 4375 sq.)
1725 4304 2121 4363 demonstravit
2146 4302 2442 4379 Schmekel·
2470 4300 2570 4356 1.1.
2613 4316 2664 4368 p.
2692 4302 2761 4353 85
2778 4313 2897 4365 sqq.
