3357 5110
1571 404 2000 470 ..m-

809 579 892 644 In
915 577 1516 664 Recognitionibus
1551 578 1886 666 epitomae
1916 577 2275 666 ineptioris
2298 578 2596 664 vestigia
2625 579 2929 665 agnosci·

633 705 800 765 muS‚
848 683 1026 770 quod
1070 679 1242 750 illud
1274 682 1538 771 quidem
1583 687 1700 766 „ut
1731 683 1987 751 visibus
2021 683 2366 752 serviant“
2418 684 2525 768 (cv
2566 687 2931 772 „tanquam

633 788 1160 877 speculatores“.
1245 786 1410 872 Cic.)
1474 788 1774 855 fideliter
1836 792 2129 875 ponunt,
2202 789 2441 856 deinde
2500 792 2727 855 autem
2790 811 2930 856 non

636 895 966 978 pergunt:
1020 891 1460 975 „altissimum
1491 892 1710 959 locum
1746 893 2098 980 optinent“
2126 892 2334 980 (Cia),
2382 893 2500 960 sed
2530 893 2930 960 transiliunt

635 996 723 1063 ad
783 996 935 1084 ipsa
1001 997 1464 1083 „supercilia“‚
1544 1018 1717 1084 quae
1781 997 1983 1084 longe
2044 997 2183 1065 alia
2245 998 2329 1065 de
2377 1019 2590 1090 ⁸causa
2664 998 2929 1083 „oculos

635 1102 1089 1184 custodiunt“,
1159 1125 1246 1168 sc.
1293 1109 1374 1168 ut
1438 1102 1750 1169 sudorem
1807 1103 2161 1170 detineant
2206 1102 2416 1188 (Cia).
2508 1102 2790 1170 Omnino
2836 1102 2929 1186 id,

635 1205 814 1293 quod
881 1207 1061 1294 apud
1119 1207 1503 1275 Ciceronem
1572 1207 1938 1295 plurimum
2000 1208 2223 1290 valet,
2294 1207 2659 1294 providens
2727 1209 2951 1288 rati0,·

637 1333 922 1398 quacum
955 1333 1266 1378 sensuum
1299 1333 1558 1398 organa
1602 1314 1672 1378 in
1721 1313 1865 1400 ipso
1912 1312 2133 1401 capite
2179 1312 2463 1379 hominis
2494 1313 2719 1399 posita
2750 1315 2930 1393 sunt,
3060 1373 3068 1380 .

637 1416 710 1480 in
776 1414 1380 1502 Recognitionibus
1455 1416 1727 1484 silentio
1793 1417 2061 1504 quidem
2124 1417 2727 1504 praetermittitur,
2812 1416 2931 1484 sed

636 1519 781 1586 tale
847 1519 1012 1606 quid
1078 1520 1259 1608 apud
1321 1525 1770 1589 auctorem
1844 1545 1979 1590 non
2041 1521 2337 1588 defuisse
2400 1521 2569 1588 satis
2635 1544 2718 1588 ex
2782 1521 2932 1590 loco

607 1623 856 1702 ⁴allato
900 1623 1139 1711 liquet.
1231 1625 1490 1692 Contra
1535 1625 1773 1694 Cicero
1821 1630 2009 1694 tacet
2068 1626 2151 1694 de
2210 1630 2561 1693 structura
2606 1625 2929 1714 corporiS,

641 1729 827 1796 cuius
873 1729 1102 1796 oculus
1151 1730 1361 1813 oculo,
1410 1731 1592 1818 auris
1623 1730 1791 1813 auri,
1843 1733 2107 1823 omnino
2146 1731 2433 1798 dextera
2463 1752 2625 1818 pars
2657 1753 2932 1818 respon-

643 1833 759 1899 det
807 1833 1123 1902 sinistrae
1168 1835 1354 1922 (Rec.
1403 1835 1590 1903 VIII
1635 1860 1689 1902 c.
1724 1837 1962 1922 29³·8).

817 1939 1114 2011 Deinde:

1008 2062 1012 2065 ·
1057 2043 1313 2112 Cicero.
2292 2047 2453 2113 Rec.
2764 2129 2769 2134 ὓ

729 2150 767 2232 ἓ
819 2150 963 2214 144.
1045 2153 1283 2234 „extra
1313 2154 1542 2218 autem
1587 2152 1743 2218 emi·
1813 2207 1819 2210 .
1922 2175 1974 2218 c.
2008 2151 2169 2217 291⁰.
2255 2173 2490 2235 „aures
2533 2150 2619 2217 ad
2665 2149 2939 2238 audien-

642 2257 812 2321 nent
857 2292 940 2302 -—-
988 2275 1188 2321 aures
1239 2293 1341 2336 -·,
1397 2279 1483 2322 ne
1529 2256 1749 2323 adiec-
1838 2257 1995 2322 dum
2040 2257 2143 2322 ita
2200 2256 2557 2338 formatae,
2616 2257 2698 2320 ut
2757 2275 2941 2340 cym-

644 2362 760 2426 tae
822 2381 1019 2427 voces
1083 2361 1480 2427 laberentur
1541 2364 1749 2449 atque
1838 2360 2013 2428 balis
2081 2360 2332 2428 similes
2394 2359 2693 2448 suscepti
2748 2358 2940 2426 verbi
3020 2398 3029 2402 μ

649 2471 985 2546 errarent,
1031 2464 1222 2551 prius
1269 2485 1469 2551 quam
1515 2488 1749 2532 sensus
1839 2489 2307 2552 repercussum
2374 2453 2669 2534 sonitum
2730 2463 2938 2531 altius

647 2572 730 2635 ab
779 2569 862 2636 iis
909 2570 1142 2655 pulsus
1190 2574 1389 2637 esset.
1464 2570 1597 2638 Sed
1630 2572 1749 2638 du·
1841 2572 2151 2654 reddant,
2202 2574 2274 2637 et
2312 2562 2525 2659 usq'ue
2555 2571 2643 2638 ad
2674 2592 2940 2637 sensum

647 2695 756 2739 ros
790 2677 862 2740 et
894 2674 1087 2760 quasi
1117 2675 1466 2742 corneolos
1496 2675 1753 2743 habent
1842 2676 2063 2743 cordis
2110 2676 2497 2743 emittunt.“
2571 2672 2573 2675 ’

644 2779 970 2846 introitus
1017 2778 1381 2867 multisque
1427 2803 1576 2847 cum
1635 2780 1751 2847 fle·
2080 2797 2087 2802 ·

647 2886 867 2968 xibus‚
938 2884 1116 2971 quod
1172 2884 1278 2951 his
1333 2886 1600 2953 naturis
1648 2908 1755 2952 re-

653 2990 836 3056 latus
883 2989 1335 3076 amplificatur
1382 3013 1582 3057 sonus
1603 2992 1658 3074 ;“
1801 3057 1845 3070 ,,

739 3098 772 3179 ἓ
823 3096 969 3160 149.
1063 3094 1171 3178 „in
1203 3116 1320 3159 ore
1352 3094 1488 3159 sita
1517 3094 1754 3181 lingua
1928 3120 1982 3162 c.
2030 3096 2193 3163 291⁸.
2269 3096 2539 3181 „lingua
2585 3095 2811 3160 autem
2856 3089 2945 3155 ad

650 3203 760 3266 est
791 3199 986 3266 finita
1017 3197 1362 3283 dentibus;
1411 3220 1492 3265 ea
1523 3222 1755 3267 vocem
1841 3200 2244 3288 loquendum
2340 3200 2524 3266 illisa
2626 3196 2938 3263 dentibus

653 3304 1090 3374 immoderate
1148 3303 1495 3390 profusam
1547 3304 1759 3390 ,fingit
1832 3306 2095 3394 *plectri
2138 3307 2385 3374 reddat
2438 3302 2789 3371 officium.“

655 3414 728 3477 et
759 3409 1088 3477 terminat
1109 3412 1314 3495 atque
1347 3431 1544 3476 sonos
1568 3410 1753 3477 vocis
1860 3444 1864 3449 -

656 3514 1016 3583 distinctos
1077 3519 1150 3581 et
1203 3537 1472 3602 pressos
1521 3515 1755 3597 efficit,

654 3644 802 3689 cum
843 3623 914 3686 et
946 3619 1182 3686 dentes
1214 3622 1285 3685 et
1317 3620 1487 3687 alias
1522 3624 1758 3707 partes

656 3724 860 3813 pellit
929 3724 1086 3792 oris.
1194 3723 1438 3811 Itaque
1506 3723 1760 3812 plectri

661 3827 944 3895 similem
988 3828 1290 3915 linguam
1362 3830 1585 3896 nostri
1654 3853 1755 3897 so-

660 3934 808 3999 lent
853 3932 1096 4017 dicere,
1143 3932 1548 4001 chordaeum
1594 3934 1759 4001 den-

658 4042 795 4121 tes,
862 4059 1064 4104 nares
1124 4038 1436 4105 cornibus
1498 4039 1576 4121 is,
1645 4040 1758 4126 qui

660 4142 749 4209 ad
792 4164 1041 4210 nervos
1073 4152 1396 4212 resonant
1441 4143 1512 4209 in
1545 4144 1759 4211 canti-

658 4250 849 4315 bus“.
