3357 5110
1527 464 1609 476 -.
1695 425 1782 492 30
1868 464 1955 474 .-

769 601 989 670 Aradi
1051 600 1478 689 anagnorisis
1526 598 1889 666 Mattidiae
1954 601 2025 666 et
2070 598 2436 666 Clementis
2498 597 2698 666 valde
2744 619 2891 686 spe-

595 709 780 776 ciosa
825 707 1012 774 facta
1043 709 1151 774 est
1197 707 1295 792 (ιβ
1345 703 1648 790 12-24).
1738 703 1919 770 Dum
1948 702 2266 790 discipuli
2297 702 2491 769 Petri
2520 701 2593 768 in
2636 702 2891 790 templo

596 813 754 880 illas
801 812 1140 878 columnas
1187 810 1408 878 viteas
1455 808 1902 889 admirantur,
1949 807 2193 875 mulier
2238 811 2397 875 ante
2427 811 2667 895 portas
2710 829 2890 874 men-

600 919 830 985 dicans
879 916 1194 1006 apostolo
1234 915 1406 981 mira
1452 936 1573 981 sua
1617 913 1770 981 fata
1832 913 2118 1002 detegit.
2208 913 2357 979 Iam
2400 911 2667 996 Petrus,
2733 934 2892 1000 quo·

598 1022 794 1090 modo
840 1044 948 1089 res
995 1043 1066 1088 se
1110 1021 1380 1103 habeat,
1446 1017 1813 1106 intellegit.
1909 1016 2041 1086 Sed
2104 1018 2327 1084 subito
2392 1018 2593 1106 fingit
2654 1015 2897 1084 mulier

553 1180 556 1183 .
603 1150 675 1194 se
739 1148 887 1193 esse
932 1125 1314 1215 Ephesiam,
1381 1124 1700 1190 maritum
1755 1121 2073 1190 Siculum.
2161 1121 2415 1190 Petrus
2475 1122 2601 1188 hoc
2660 1143 2895 1190 verum

528 1266 531 1267 ⁷
603 1255 752 1299 esse
796 1231 1179 1298 arbitratus
1224 1229 1426 1296 valde
1472 1227 1924 1296 contristatur
1954 1226 2179 1294 dicens
2218 1225 2353 1293 sibi
2398 1249 2543 1294 esse
2588 1226 2898 1294 comitem

603 1336 1099 1404 adulescentem
1145 1334 1538 1415 Romanum,
1588 1333 1707 1428 qui
1748 1331 1953 1420 paulo
2000 1336 2162 1399 ante
2211 1331 2510 1398 fabulam
2556 1331 2639 1398 de
2682 1330 2895 1419 ipsius

602 1429 868 1508 familia
909 1441 1300 1508 narraverit
1347 1438 1775 1506 simillimam.
1864 1437 2111 1504 Mulier
2154 1441 2451 1504 tremens
2506 1439 2714 1524 atque
2758 1441 2897 1504 stu-

605 1570 768 1634 pens
814 1547 1223 1634 interrogat,
1271 1545 1451 1632 quod
1479 1566 1721 1614 nomen
1760 1542 2181 1610 adulescenti
2228 1541 2341 1608 sit.
2432 1541 2567 1609 Sed
2609 1541 2759 1629 ipsa
2804 1540 2905 1607 di.-
2976 1565 2981 1568 ·

607 1675 756 1720 cere
801 1649 1100 1718 mavult:
1163 1639 1574 1735 „Clemens‘fi
1623 1688 1707 1698 —
1754 1647 1887 1715 Ille
1930 1647 2213 1714 interim
2248 1646 2345 1720 ,ad
2385 1667 2629 1714 navem
2672 1667 2901 1714 rever-

605 1757 721 1824 tit.
813 1757 1058 1822 Petrus
1105 1755 1450 1822 mulierem
1493 1769 1697 1820 manu
1740 1753 1991 1820 ducens
2042 1752 2133 1819 ad
2193 1751 2364 1820 litus
2406 1751 2658 1840 pergit.
2752 1751 2901 1818 Cle-

609 1883 796 1928 mens
841 1861 1054 1927 multo
1087 1883 1236 1928 cum
1264 1859 1406 1926 risu
1434 1858 1747 1942 miratur,
1795 1879 1995 1946 quam
2033 1857 2401 1926 deformem
2442 1855 2905 1923 mulierculam

611 1965 962 2060 apostolus
1025 1978 1248 2032 secum
1276 1964 1544 2046 habeat,
1593 1961 1730 2047 sed,
1776 1986 1863 2030 ne
1892 1962 2263 2030 inurbanus
2296 1961 2634 2045 videatur,
2680 1959 2907 2028 altera

611 2091 816 2136 manu
857 2069 1156 2138 mulieris
1188 2069 1524 2158 prehensa
1553 2069 1700 2158 ipse
1732 2069 1986 2136 tertius
2024 2067 2347 2133 ambulat.
2436 2066 2587 2150 Ubi,
2615 2065 2908 2152 primum

611 2197 882 2242 manum
934 2175 1194 2262 tetigit,
1257 2174 1380 2241 illa
1439 2173 1791 2250 ὀλολὺξασα
1836 2173 1921 2248 ὡς
1984 2180 2187 2261 μήτηρ
2251 2172 2411 2260 μέγα
2454 2176 2564 2237 καὶ
2606 2173 2907 2257 περιπλα-

531 2307 536 2312 ·
612 2292 795 2346 ’κεῖσα
843 2283 1080 2370 σφόδρα
1125 2283 1439 2370 κατεφίλει
1483 2268 1560 2368 με
1615 2285 1718 2346 τὸν
1766 2277 1975 2368 αὐτῆς·
2003 2277 2129 2366 υἱόν
2199 2277 2301 2364 (ιβ
2347 2277 2508 2364 22⁵).
2599 2276 2906 2343 Clemens

616 2385 1146 2472 obstupefactuS‚
1208 2385 1370 2473 quid
1415 2385 1540 2452 hoc
1599 2385 1728 2452 sibi
1772 2385 1962 2467 velit,
2032 2407 2117 2450 ne
2160 2384 2597 2470 interrogare
2642 2381 2909 2469 quidem

619 2489 846 2559 audet.
938 2491 1184 2558 Petrus
1231 2493 1460 2559 autem
1501 2494 1733 2558 monet
1775 2490 1854 2557 ’Τί
1896 2500 2114 2573 ποιεῖς,
2167 2495 2375 2554 τέκνον
2418 2487 2714 2577 Κλήμης,
2760 2487 2947 2553 ἀποκ

617 2602 930 2682 σειόμενος
1003 2602 1110 2683 τὴν
1201 2601 1313 2684 σὴν
1350 2649 1358 2656 .
1391 2596 1577 2671 ὄντως
1661 2606 1991 2674 τεκοῦσανς
2084 2594 2395 2682 sequitur
2482 2591 2907 2680 anagnorisis

619 2701 719 2785 (ιβ
765 2700 926 2787 23⁸).
1603 2700 1610 2705 ’
2638 2744 2643 2751 .

789 2805 895 2871 Ea
942 2805 1161 2873 omnia
1204 2829 1340 2873 non
1385 2805 1526 2873 sine
1571 2804 1829 2873 facetia
1874 2803 2133 2893 scripta
2195 2808 2385 2885 sunt;
2456 2802 2691 2869 fabula
2745 2801 2910 2889 lepi-

620 2910 896 2979 dissime
939 2901 1268 2999 procedit,
1327 2934 1655 3000 nusquam
1702 2911 2124 2978 offendimus.
2215 2910 2365 2976 Iam
2411 2907 2715 2976 Clemens
2764 2902 2909 2973 cum

619 3020 843 3085 matre
889 3022 962 3083 et
1006 3017 1213 3083 Petro
1263 3017 1695 3084 Antaradum
1741 3016 2091 3083 rediturus
2159 3006 2333 3096 erat,
2398 3036 2546 3080 cum
2590 3012 2913 3079 Mattidia

618 3120 965 3207 hospitae,
1035 3121 1215 3208 apud
1276 3143 1474 3207 quam
1536 3125 1649 3188 tot
1713 3143 1922 3188 annos
1988 3120 2463 3201 habitaverat,
2529 3117 2913 3187 valedicere

624 3223 902 3313 cupivit.
993 3225 1194 3292 Illius
1240 3224 1414 3291 enim
1457 3226 1768 3307 maritus,
1815 3228 2029 3291 nauta
2074 3223 2359 3306 iuvenis,
2406 3223 2480 3289 in
2522 3222 2697 3289 mari
2738 3222 2911 3309 peri·

621 3334 778 3397 erat
793 3353 808 3415 ;
878 3352 960 3397 ex
1025 3354 1153 3418 quo
1222 3335 1528 3418 tempore
1580 3330 2057 3419 pauperculam
2122 3329 2339 3397 vitam
2401 3350 2549 3395 cum
2592 3326 2915 3394 Mattidia
3009 3356 3021 3361 “

622 3434 926 3522 degerat.
1019 3434 1325 3503 Clemens
1365 3457 1512 3503 eam
1541 3435 1869 3503 munificis
1899 3434 2286 3503 muneribus
2318 3432 2599 3501 donavit
2632 3436 2701 3499 et
2728 3431 2910 3519 prin-

625 3540 760 3630 cipi
802 3540 1060 3607 insulae
1108 3541 1602 3609 commendavit
1621 3542 1683 3627 ²).
2629 3544 2637 3549 ’

801 3645 1054 3713 Triduo
1097 3650 1258 3735 post
1293 3646 1701 3734 perveniunt
1730 3646 2153 3712 Laodiceam.
2247 3644 2495 3711 Niceta
2540 3645 2611 3710 et
2638 3642 2915 3729 Aquila,

599 3750 742 3839 'qui
788 3772 900 3818 eos
947 3754 1108 3819 ante
1153 3754 1390 3837 portas
1437 3754 1751 3839 neceptos
1804 3750 1876 3817 in
1936 3748 2309 3837 hospitium
2373 3748 2735 3831 duxerunt,
2796 3733 2918 3812 mi-

623 3857 903 3937 rantur,
969 3855 1235 3944 qualem
1296 3854 1755 3923 mulierculam
1830 3854 2137 3922 Clemens
2205 3876 2423 3922 secum
2488 3852 2710 3919 ducat.
2824 3852 2919 3917 Et

813 4020 864 4086 1)
907 4017 1304 4087 „christianus“
1344 4034 1522 4087 pauca
1579 4016 1825 4075 addidit:
1880 4018 2079 4072 Petrus
2136 4018 2410 4086 hospitam
2468 4030 2690 4085 aegram
2743 4019 2922 4069 sanat.

627 4108 692 4161 In
729 4108 885 4163 Hom.
924 4108 1186 4163 Mattidia
1223 4124 1441 4176 quoque
1479 4117 1723 4177 sanatur,
1778 4108 1932 4163 cuius
1972 4108 2231 4162 bracchia
2268 4107 2519 4175 pristinis
2556 4105 2827 4160 morsibus
2866 4108 2923 4157 et

625 4198 856 4267 planctu
892 4203 1186 4266 tantopere
1223 4198 1471 4253 lacerata
1506 4203 1650 4260 sunt,
1701 4203 1764 4251 ut
1801 4197 2113 4253 mendicare
2151 4203 2457 4265 cogeretur.
2534 4194 2756 4261 Dubito,
2794 4209 2923 4246 num

623 4287 762 4340 haec
800 4284 872 4342 ad
915 4286 1334 4355 „christianum“
1378 4287 1709 4357 pertineant,
1757 4302 1877 4340 cum
1917 4287 1974 4340 in
2012 4286 2253 4354 Recogn.
2293 4283 2477 4339 desint
2512 4283 2641 4355 (VII
2668 4284 2778 4353 23).
