3357 5110
1605 402 2041 468 -16-

1102 574 1356 643 Cicero.

756 997 967 1082 §136
1047 997 1166 1084 „In
1195 997 1622 1086 pulmonibus
1656 1019 1773 1066 au-

667 1105 808 1170 tem
871 1103 1056 1170 inest
1115 1104 1370 1170 raritas
1441 1103 1771 1190 quaedam

668 1211 742 1275 et
801 1207 1128 1275 adsimilis
1193 1207 1494 1296 spongiis
1554 1208 1769 1276 molli-

665 1312 832 1380 tudo
864 1313 952 1380 ad
982 1313 1424 1380 hauriendum
1457 1312 1771 1400 spiritum

663 1417 1036 1506 aptissima,
1099 1418 1217 1506 qui
1274 1421 1441 1485 tum·
1483 1441 1554 1487 se
1614 1441 1767 1486 con-

663 1521 950 1591 trahunt
1008 1522 1443 1611 adspirantes
1508 1528 1653 1591 tum
1696 1525 1769 1590 in

662 1626 1056 1714 respirando
1089 1627 1488 1712 dilatantur,
1515 1632 1594 1695 ut
1623 1629 1763 1696 fre-

662 1736 949 1819 quenter
979 1733 1266 1801 ducatur
1297 1734 1483 1802 cibus
1512 1735 1766 1802 anima·

661 1835 769 1920 lis,
820 1859 948 1924 quo
979 1837 1266 1906 maxime
1295 1839 1578 1906 aluntur
1625 1838 1763 1906 ani-

659 1943 982 2010 manteS.“

749 2051 788 2133 ξ
835 2049 981 2116 137.
1064 2047 1208 2132 „Ex
1251 2049 1598 2118 intestinis
1645 2067 1762 2118 au-

659 2157 799 2220 tem
861 2157 1158 2222 secretus
1203 2175 1244 2220 a
1288 2153 1550 2242 reliquo
1615 2156 1761 2222 cibo

661 2281 856 2326 sucus
887 2259 945 2326 is
978 2279 1108 2347 quo
1129 2259 1374 2326 alimur
1403 2263 1762 2347 permanat

654 2364 741 2430 ad
784 2364 970 2432 iecur
1013 2403 1097 2414 —
1144 2367 1266 2412 -“

747 2889 994 2975 „abeo
1059 2889 1207 2957 cibo
1270 2912 1416 2957 cum
1481 2894 1589 2959 est
1657 2913 1759 2959 se-

650 2998 841 3062 creta
884 2994 1042 3061 bilis
1091 2994 1284 3081 eique
1329 3018 1595 3062 umores
1641 2996 1759 3082 qui

651 3122 686 3165 e
720 3098 990 3164 renibus
1020 3097 1552 3183 profunduntur,
1599 3099 1755 3164 reli-

651 3224 782 3289 qua
813 3224 884 3268 se
930 3201 1000 3266 in
1039 3200 1430 3287 sanguinem
1463 3204 1754 3269 vertunt

649 3306 736 3374 ad
829 3306 1226 3391 easdemque
1319 3308 1558 3393 portas
1656 3304 1751 3370 ie·

639 3411 824 3503 ‘coris
869 3410 1232 3491 confluunt,
1280 3409 1367 3475 ad
1397 3431 1564 3496 quas
1613 3431 1745 3475 om-

645 3539 764 3584 nes
813 3517 955 3583 eius
1002 3517 1119 3603 (sc.
1168 3514 1540 3601 sanguinis)
1594 3514 1748 3581 viae

646 3622 1050 3711 pertinent.“

2324 576 2488 644 Rec.

1865 687 1947 751 ut
1994 707 2076 752 ex
2118 683 2251 773 ipis
2300 706 2381 752 ea
2420 706 2593 773 quae
2638 685 2968 754 extrinse-

1864 811 1978 856 cus
2046 792 2228 864 sunt,
2307 789 2652 857 humorem
2720 790 2969 858 sensim

1863 893 2254 981 suscipiant.

1952 1020 2003 1064 c.
2052 998 2187 1066 304.
2306 998 2460 1087 „qui
2532 999 2648 1086 (sc.
2712 974 2965 1089 pulmo)

1824 1103 2123 1191 ‚pectori
2167 1103 2523 1172 inhaerere
2576 1105 2778 1175 datus
2835 1108 2961 1188 est,

1858 1212 1939 1275 ut
1979 1208 2269 1276 mollitie
2316 1209 2419 1276 sui
2462 1194 2702 1298 palpet
2746 1213 2819 1278 et
2862 1211 2965 1279 fo-

1857 1317 2023 1382 veat
2053 1314 2271 1382 cordis
2319 1315 2626 1402 vigorem
2672 1313 2781 1404 [cf.
2822 1315 2959 1382 Cic.

1856 1422 1899 1500 ἓ
1946 1419 2077 1486 136
2144 1419 2531 1507 „pulmones
2598 1423 2826 1487 autem
2886 1424 2965 1488 et

1857 1546 1973 1591 cor
2020 1523 2439 1592 extrinsecus
2476 1525 2794 1614 spiritum
2838 1524 2960 1592 ad-

1855 1628 2193 1716 ducant“]‚
2240 1628 2310 1695 in
2342 1653 2471 1718 quo
2504 1629 2779 1698 videtur
2809 1631 2959 1698 vita

1856 1734 2246 1818 consistere,
2276 1735 2425 1802 vita
2448 1733 2615 1818 dico,
2649 1758 2784 1802 non
2813 1737 2957 1804 ani'-

1853 1840 1999 1906 ma“
2034 1840 2098 1924 ²).

1939 2073 2007 2128 c..
2026 2050 2160 2118 30⁹.
2231 2054 2487 2136 „totam
2510 2050 2783 2118 humani
2806 2073 2953 2118 cor-

1851 2155 2038 2243 poris
2095 2162 2351 2228 terram
2395 2155 2721 2225 vitalibus
2768 2157 2957 2244 rigat

1848 2260 2121 2328 fluentis
2166 2260 2279 2348 (sc.
2328 2261 2651 2348 sanguis),
2710 2260 2951 2331 iecoris

1851 2388 2050 2452 opere
2109 2365 2561 2452 ministratuS,
2626 2351 2821 2454 quod
2862 2365 2949 2434 ad

1844 2469 2212 2538 efficaciam
2288 2470 2690 2559 digestionis
2770 2471 2945 2540 cibo-

1845 2588 2012 2656 rum,
2046 2578 2251 2664 atque
2282 2574 2353 2642 in
2384 2577 2777 2664 sanquinem
2805 2599 2947 2649 mu-

1842 2680 2204 2747 tandorum
2226 2679 2274 2766 2)
2305 2680 2377 2746 in
2406 2679 2693 2747 dextero
2723 2679 2947 2749 latere

1840 2783 2036 2853 iacet.
2324 2778 2329 2783 ’

1934 2891 2018 2958 In
2048 2890 2327 2959 sinistro
2353 2914 2517 2959 vero
2549 2890 2801 2979 splenis
2836 2892 2945 2960 est

1846 2996 2049 3078 locus,
2115 2998 2230 3083 qui
2286 2995 2558 3063 trahere
2620 2995 2709 3062 ad
2756 3018 2825 3061 se
2874 2997 2947 3061 et

1845 3120 2137 3183 purgare
2182 3096 2664 3184 quodammodo
2712 3096 2947 3168 sordes

1842 3200 2185 3285 sanguinis
2229 3199 2504 3286 possit.“

719 3873 721 3875 ·
828 3808 881 3876 1)
922 3807 1320 3876 „christianus“
1360 3808 1417 3861 in
1455 3824 1520 3863 eo
1559 3805 1851 3862 offendisse
1888 3806 2119 3877 videtur,
2170 3808 2317 3877 quod
2354 3808 2581 3878 spiritus
2618 3806 2938 3878 pulmonum'

643 3895 786 3951 idem
825 3900 971 3951 esset
1009 3902 1176 3964 atque
1215 3898 1480 3966 „anima“.
1525 3928 1596 3937 —-
1649 3897 1903 3952 Ceterum
1942 3913 2106 3965 quam
2141 3914 2251 3952 non
2288 3905 2418 3967 apte
2455 3893 2604 3967 apud
2640 3902 2935 3964 utrumque

644 3990 924 4040 auctorem
959 3987 1064 4040 hoc
1100 3987 1238 4055 loce,
1279 3988 1374 4055 qui
1410 3992 1494 4042 est
1531 3986 1600 4042 de
1637 3988 1959 4057 digestione,
1998 3987 2271 4058 disputari
2304 3986 2371 4042 de
2406 3986 2753 4056 pulmonibus
2792 3984 2929 4036 satis

643 4082 894 4144 apparet.

821 4165 879 4235 2)
916 4166 1082 4234 Apud
1108 4166 1422 4222 Ciceronem
1447 4166 1795 4236 describitur,
1846 4164 2114 4234 quomodo
2144 4166 2297 4220 cibus
2319 4164 2503 4222 >iecore
2526 4160 2584 4212 in
2609 4154 2927 4221 sanguinem

643 4258 900 4323 mutetur,
939 4254 996 4309 id
1036 4254 1182 4324 quod
1219 4255 1277 4309 in
1301 4256 1787 4326 Recognitionibus
1827 4271 1937 4310 non
1976 4262 2231 4309 accurate
2269 4248 2574 4319 exponitur.
