3357 5110
1376 455 1810 522 421.-

612 631 926 718 Utraque
988 630 1503 699 narratiuncula
1553 630 1877 698 videlieet
1936 632 2187 719 optime
2232 633 2416 701 inter
2468 658 2537 702 se
2583 657 2738 702 oon·

439 741 624 810 cinit.
658 780 744 788 —
776 739 1011 825 Longe
1043 738 1252 805 aliter
1283 741 1438 806 tota
1469 760 1580 805 res
1612 760 1655 805 a
1684 737 1943 806 Fausto
1978 739 2417 833 describitur..
2476 741 2733 824 Senem,

439 854 796 938 postquam
841 848 1121 916 Petrum
1186 851 1257 930 et
1323 850 1464 914 tres
1527 847 1781 914 fratres
1837 846 1907 914 in
1952 848 2159 915 litore
2204 849 2412 916 maris
2462 855 2733 918 orantes

437 954 720 1034 invenit,
768 953 1048 1019 miseret
1093 955 1335 1018 tantae
1383 951 1767 1019 stultitiae:
1816 951 1972 1018 Οὔτε
2020 958 2137 1040 γὰρ
2184 958 2340 1029 θεός
2398 955 2553 1021 ἐστιν
2598 954 2734 1021 οὔτε

442 1067 714 1146 πρόνοια,
778 1059 945 1124 ἀλλὰ
990 1064 1220 1141 γενέσει
1263 1062 1337 1122 τὰ
1391 1063 1591 1124 πάντα
1649 1055 1981 1135 ὑπόκειται,
2043 1055 2129 1132 ὡς
2174 1058 2294 1142 ἐγὼ
2342 1058 2435 1148 ἐφ’
2482 1059 2577 1134 οἷς
2622 1067 2734 1126 πὲ-

405 1169 648 1234 ,πονθα
719 1167 1276 1254 πεπληροφορημαι
1350 1164 1451 1249 (ιδ
1496 1161 1640 1249 3⁸⁰).
1776 1162 1972 1246 Quod
2046 1163 2381 1230 schemate
2453 1164 2667 1250 ipsius
2690 1165 2732 1250 ¹)

439 1269 672 1336 uxoris
718 1272 1157 1355 comprobare
1205 1267 1470 1334 studet:

611 1376 684 1439 ιδ
731 1374 802 1440 6⁸
864 1373 1056 1462 αὐτῆς
1117 1379 1184 1439 τὸ
1245 1376 1555 1460 διάθεματ
1605 1383 1812 1440 ποιοῦν
1874 1375 2202 1462 μοιχάδας,
2263 1371 2430 1440 ἰδίων
2494 1376 2727 1440 δοὺλων

439 1479 700 1564 ἐρώσας,
764 1484 872 1544 καὶ
931 1479 1028 1544 ἐπὶ
1086 1480 1263 1565 ξένης
1319 1478 1382 1544 ἐν
1428 1476 1639 1544 ὕδασιν
1687 1481 2103 1565 θνησκοὺσας.
2196 1481 2230 1544 ὃ
2276 1483 2384 1544 καὶ
2429 1475 2584 1544 οὕτω
2626 1486 2728 1562 γὲ-

439 1607 630 1666 γονεν.
695 1583 1040 1669 ἐρασθεῖσα
1072 1589 1190 1670 γὰρ
1235 1594 1338 1649 τοῦ
1381 1583 1536 1648 ἰδίου
1559 1585 1806 1661 δουλου,
1835 1621 1921 1632 -
1950 1621 2037 1632 --
2067 1594 2343 1678 φυγοῦσα
2388 1587 2493 1650 σὺν
2539 1583 2725 1670 αὐτῷ,

438 1687 499 1752 ἐν
545 1687 870 1776 ἀλλοδαπῇ
921 1688 1249 1776 ὁρμήσασα
1296 1693 1404 1754 καὶ
1462 1695 1672 1777 κοίτης
1726 1687 1891 1774 αὖτῷ
1954 1696 2381 1777 κοινωνήσασα
2427 1691 2723 1776 θαλάσσῃ

434 1795 766 1883 διεφθάρη.
858 1793 1103 1861 Petrus
1137 1816 1286 1861 eum
1331 1794 1741 1880 interrogat,
1791 1794 1965 1860 unde
2008 1793 2187 1862 sciat
2230 1792 2419 1860 illam
2450 1814 2503 1885 a⁴
2524 1807 2734 1861 servo

432 1899 501 1965 in
546 1900 1042 1967 matrimonium
1089 1899 1358 1966 ductam
1403 1904 1741 1966 mortuam
1769 1921 1931 1966 esse.
2007 1898 2346 1966 Faustus:
2392 1897 2724 1988 Ἀσφαλῶς

432 2003 602 2078 οἶδα,
628 2003 881 2092 τάληθῆ
944 2002 1057 2092 οὐχ
1124 2004 1213 2070 ὅτι
1273 2007 1495 2091 ἔγημεν
1562 2003 1771 2092 (ὁπότε
1834 2002 1959 2069 οὐδ’
2016 2003 2105 2070 ὅτι
2168 2005 2291 2091 ἤρα
2350 2003 2720 2090 ἐγίνωσκον).

429 2108 670 2175 Omnia
715 2108 948 2196 igitur,
1013 2131 1183 2197 quae
1229 2110 1658 2192 antecedunt,
1718 2131 1806 2176 so.
1852 2109 2083 2177 uxoris
2130 2131 2276 2175 oum
2322 2131 2521 2176 servo
2567 2131 2720 2194 pro·

426 2214 574 2302 prio
622 2215 807 2302 fuga,
878 2213 1034 2281 οὕτω
1080 2223 1340 2299 γέγονεν.
1453 2216 1538 2283 Id
1597 2239 1733 2283 non
1794 2215 1989 2282 modo
2051 2214 2321 2301 genesis
2365 2213 2717 2296 indicavit,

427 2321 546 2388 sed
591 2321 734 2409 ipse
766 2345 837 2388 se
867 2345 940 2388 re
974 2344 1139 2389 vera
1184 2326 1543 2409 expertum
1587 2345 1733 2389 esse
1779 2345 1912 2387 non
1958 2321 2160 2388 semel
2204 2318 2599 2403 testatur‘2).
2632 2357 2717 2366 —-

429 2425 744 2492 Ceterum
792 2426 1024 2514 pergit
1067 2426 1392 2514 Faustus:
2730 2444 2734 2450 ·

513 2575 566 2618 ο.
616 2552 722 2618 7¹⁵.
800 2549 964 2617 ἀλλὰ
1010 2541 1167 2638 μετὰ
1196 2558 1302 2639 τὴν
1336 2549 1526 2640 αὐτῆς
1703 2549 1809 2615 IX
1854 2551 1983 2619 33⁵.
2106 2548 2264 2633 „sed
2358 2551 2717 2638 postquam

424 2658 790 2745 ἀπαλλαγὴν
859 2656 893 2722 ὁ
961 2657 1232 2747 ἀδελφὸς
1294 2696 1380 2705 —-
1439 2696 1523 2705 -
1611 2657 1925 2745 profecta
2007 2660 2146 2735 est,
2237 2655 2458 2721 frater
2531 2676 2715 2721 meus

427 2762 562 2849 ἐμοὶ
605 2764 939 2849 διηγήσατο
1002 2768 1196 2828 πάντα
1243 2768 1318 2830 τὰ
1363 2768 1524 2829 κατὰ
1609 2762 1775 2828 mihi
1835 2761 2200 2843 enarravit,
2263 2759 2487 2827 dicens
2535 2760 2713 2847 quod

423 2873 523 2934 τὸν
594 2866 784 2955 αὐτῆς
843 2870 1041 2954 ἔρωτα
1105 2908 1179 2918 —-
1236 2906 1318 2917 —-
1384 2869 1518 2955 (ex-
1608 2868 1822 2955 primo
1864 2868 2129 2954 quidem
2160 2867 2381 2953 ipsum
2410 2865 2711 2933 adamas-

424 2977 878 3060 spectaremus
925 2980 1023 3040 τὸν
1072 2972 1265 3062 αὐτῆς
1313 2980 1521 3061 <πρὸς
1611 2976 1735 3054 set,
1804 2972 1921 3039 sed
1964 2970 2103 3053 ille,
2172 2970 2329 3057 quia
2388 2973 2542 3037 erat
2594 2970 2712 3037 ho-

421 3084 523 3145 τὸν
569 3080 840 3150 δοῦλον>
889 3068 1142 3166 ἔρωτα),
1205 3080 1322 3147 sed
1366 3101 1520 3167 per·
1609 3083 1866 3161 nestuS‚
1915 3080 2155 3166 utpote
2203 3077 2428 3145 frater
2486 3075 2711 3143 noluit

417 3186 561 3271 gitt
616 3190 723 3251 καὶ
767 3179 851 3261 ὡὲς
896 3192 1119 3273 σεμνὸς
1162 3186 1242 3252 ὢν
1275 3185 1406 3273 (ἅτε
1440 3187 1516 3273 δὴ
1607 3188 1833 3252 torum
1916 3184 2162 3251 fratris
2251 3182 2493 3251 incesti
2572 3204 2708 3249 ma-

423 3288 712 3379 ἀδελφὸς)
774 3290 886 3356 οὒκ
945 3290 1264 3379 ἐβουλήθη
1313 3303 1519 3379 μιᾶναι
1609 3290 1763 3356 cula
1806 3289 2171 3377 polluere.“

414 3400 522 3482 τὴν
568 3395 800 3481 κοίτην.

587 3516 766 3599 Quid
810 3518 1154 3587 dieamus?
1198 3544 1410 3609 usque
1456 3520 1544 3587 ad
1589 3541 1858 3588 versum
1892 3519 1992 3585 15.
2042 3518 2311 3605 (eapitis
2345 3517 2433 3604 7.)
2482 3540 2705 3586 omnes

412 3620 686 3689 credere
746 3646 1018 3692 neeesse
1084 3630 1238 3694 erat
1279 3628 1610 3695 Faustum
1670 3625 1799 3692 sibi
1856 3625 2273 3712 persuasisse
2318 3622 2705 3691 Mattidiam

415 3726 762 3814 aufugisse
805 3734 1090 3818 propter
1134 3754 1430 3799 amorem
1477 3755 1618 3800 ser
1641 3732 1741 3799 vi.
1829 3731 1995 3799 Inde
2028 3734 2254 3799 autem
2287 3753 2326 3797 a
2356 3752 2567 3798 versu
2599 3730 2700 3795 15.

409 3830 580 3897 nihil
613 3832 695 3899 de
729 3856 926 3902 servo
973 3837 1298 3921 audimus,
1349 3838 1469 3904 sed
1510 3860 1656 3905 eam
1689 3837 2035 3925 aufugisse
2079 3840 2363 3924 propter
2408 3858 2702 3901 amorem

591 4043 644 4110 1)
683 4043 747 4095 In
785 4044 1034 4100 Homiliis
1074 4046 1311 4101 Faustus
1351 4048 1454 4102 hoo
1510 4048 1670 4115 quasi
1724 4045 1790 4101 de
1845 4047 2006 4101 amici
2057 4046 2337 4101 cuiusdam
2374 4060 2547 4098 uxore
2585 4043 2701 4097 fac·

409 4133 522 4182 tum
559 4137 782 4202 narrat3
834 4132 984 4187 illam
1025 4134 1362 4203 „fictionem“
1418 4152 1539 4191 esse
1586 4138 1832 4205 ineptum
1871 4135 2301 4190 additamentum
2337 4134 2700 4188 Homiliarum

405 4218 516 4273 alio
551 4220 677 4275 loco
717 4225 958 4291 exposui.
1034 4225 1098 4279 In
1135 4224 1374 4294 Recogn.
1415 4228 1492 4280 lX
1519 4226 1729 4283 3210-f·
1766 4227 2003 4295 genuina
2044 4226 2223 4280 forma
2257 4225 2477 4293 legitur.

583 4311 640 4380 2)
680 4310 750 4366 cf.
790 4314 847 4366 ιδ
886 4315 983 4382 3³1,
1024 4318 1098 4381 6⁷,
1137 4318 1233 4370 6¹⁰.
1273 4349 1341 4356 —
